@article{xxx_dziugaite2016study,
  title={A study of the effect of JPG compression on adversarial images},
  author={Dziugaite, Gintare Karolina and Ghahramani, Zoubin and Roy, Daniel M},
  journal={arXiv preprint arXiv:1608.00853},
  year={2016}
}
@inproceedings{xxx_zund2013content,
  title={Content-aware compression using saliency-driven image retargeting},
  author={Z{\"u}nd, Fabio and Pritch, Yael and Sorkine-Hornung, Alexander and Mangold, Stefan and Gross, Thomas},
  booktitle={2013 IEEE International Conference on Image Processing},
  year={2013},
  organization={IEEE}
}
@inproceedings{xxx_stella2009image,
  title={Image compression based on visual saliency at individual scales},
  author={Stella, X Yu and Lisin, Dimitri A},
  booktitle={International Symposium on Visual Computing},
  year={2009},
  organization={Springer}
}
@inproceedings{xxx_noh2015learning,
  title={Learning deconvolution network for semantic segmentation},
  author={Noh, Hyeonwoo and Hong, Seunghoon and Han, Bohyung},
  booktitle={Proceedings of the IEEE International Conference on Computer Vision},
  year={2015}
}
@phdthesis{xxx_le2014visual,
  title={Visual attention modelling and applications. towards perceptual-based editing methods},
  author={Le Meur, Olivier},
  year={2014},
  school={University of Rennes 1}
}

@inproceedings{xxx_psnrhvsm,
  title={On between-coefficient contrast masking of DCT basis functions},
  author={Ponomarenko, Nikolay and Silvestri, Flavia and Egiazarian, Karen and Carli, Marco and Astola, Jaakko and Lukin, Vladimir},
  booktitle={Proceedings of the third international workshop on video processing and quality metrics},
  volume={4},
  year={2007}
}

@inproceedings{xxx_psnrhvs,
  title={New full-reference quality metrics based on HVS},
  author={Egiazarian, Karen and Astola, Jaakko and Ponomarenko, Nikolay and Lukin, Vladimir and Battisti, Federica and Carli, Marco},
  booktitle={CD-ROM proceedings of the second international workshop on video processing and quality metrics, Scottsdale, USA},
  volume={4},
  year={2006}
}

@article{xxx_ssim,
  title={Image quality assessment: from error visibility to structural similarity},
  author={Wang, Zhou and Bovik, Alan C and Sheikh, Hamid R and Simoncelli, Eero P},
  journal={IEEE transactions on image processing},
  volume={13},
  number={4},
  year={2004},
  publisher={IEEE}
}

@article{xxx_vifp,
  title={Image information and visual quality},
  author={Sheikh, Hamid R and Bovik, Alan C},
  journal={IEEE Transactions on Image Processing},
  volume={15},
  number={2},
  year={2006},
  publisher={IEEE}
}

@inproceedings{xxx_msssim,
  title={Multiscale structural similarity for image quality assessment},
  author={Wang, Zhou and Simoncelli, Eero P and Bovik, Alan C},
  booktitle={Signals, Systems and Computers, 2004. Conference Record of the Thirty-Seventh Asilomar Conference on},
  volume={2},
  year={2003},
  organization={Ieee}
}

@article{xxx_toderici2016full,
  title={Full Resolution Image Compression with Recurrent Neural Networks},
  author={Toderici, George and Vincent, Damien and Johnston, Nick and Hwang, Sung Jin and Minnen, David and Shor, Joel and Covell, Michele},
  journal={arXiv preprint arXiv:1608.05148},
  year={2016}
}


@article{xxx_wang2009mean,
  title={Mean squared error: love it or leave it? A new look at signal fidelity measures},
  author={Wang, Zhou and Bovik, Alan C},
  journal={IEEE signal processing magazine},
  volume={26},
  number={1},
  year={2009},
  publisher={IEEE}
}

@article{xxx_toderici2015variable,
  title={Variable Rate Image Compression with Recurrent Neural Networks},
  author={Toderici, George and O'Malley, Sean M and Hwang, Sung Jin and Vincent, Damien and Minnen, David and Baluja, Shumeet and Covell, Michele and Sukthankar, Rahul},
  journal={arXiv preprint arXiv:1511.06085},
  year={2015}
}

@article{xxx_lin2013network,
  title={Network in network},
  author={Lin, Min and Chen, Qiang and Yan, Shuicheng},
  journal={arXiv preprint arXiv:1312.4400},
  year={2013}
}

@article{xxx_selvaraju2016grad,
  title={Grad-CAM: Why did you say that? Visual Explanations from Deep Networks via Gradient-based Localization},
  author={Selvaraju, Ramprasaath R and Das, Abhishek and Vedantam, Ramakrishna and Cogswell, Michael and Parikh, Devi and Batra, Dhruv},
  journal={arXiv preprint arXiv:1610.02391},
  year={2016}
}

@inproceedings{xxx_jiang2015salicon,
  title={SALICON: Saliency in context},
  author={Jiang, Ming and Huang, Shengsheng and Duan, Juanyong and Zhao, Qi},
  booktitle={2015 IEEE Conference on Computer Vision and Pattern Recognition (CVPR)},
  year={2015},
  organization={IEEE}
}

@article{xxx_he2015spatial,
  title={Spatial pyramid pooling in deep convolutional networks for visual recognition},
  author={He, Kaiming and Zhang, Xiangyu and Ren, Shaoqing and Sun, Jian},
  journal={IEEE transactions on pattern analysis and machine intelligence},
  volume={37},
  number={9},
  year={2015},
  publisher={IEEE}
}

@InProceedings{xxx_zhou2015learning,
author = {Zhou, Bolei and Khosla, Aditya and Lapedriza, Agata and Oliva, Aude and Torralba, Antonio},
title = {Learning Deep Features for Discriminative Localization},
booktitle = {The IEEE Conference on Computer Vision and Pattern Recognition (CVPR)},
year = {2016}
}

@article{xxx_kummerer2014deep,
  title={Deep gaze i: Boosting saliency prediction with feature maps trained on imagenet},
  author={K{\'u}mmerer, Matthias and Theis, Lucas and Bethge, Matthias},
  journal={arXiv preprint arXiv:1411.1045},
  year={2014}
}

@inproceedings{xxx_oquab2015object,
  title={Is object localization for free?-weakly-supervised learning with convolutional neural networks},
  author={Oquab, Maxime and Bottou, L{\'e}on and Laptev, Ivan and Sivic, Josef},
  booktitle={Proceedings of the IEEE Conference on Computer Vision and Pattern Recognition},
  year={2015}
}

@inproceedings{xxx_kerofsky2015perceptual,
  title={Perceptual adaptation of Objective video quality metrics},
  author={Kerofsky, Louis and Vanam, Rahul and Reznik, Yuriy},
  booktitle={Proc. Ninth International Workshop on Video Processing and Quality Metrics (VPQM)},
  year={2015}
}

@misc{xxx_reznik2013coding,
  title={Coding of feature location information},
  author={Reznik, Yuriy and Hamsici, Onur C and Vaddadi, Sundeep and Hong, John H and Lee, Chong U},
  year={2013},
  publisher={Google Patents},
  note={US Patent 8,571,306}
}

@inproceedings{xxx_richter2009ms,
  title={A ms-ssim optimal jpeg 2000 encoder},
  author={Richter, Thomas and Kim, Kil Joong},
  booktitle={2009 Data Compression Conference},
  year={2009},
  organization={IEEE}
}

@inproceedings{xxx_richter2011ssim,
  title={SSIM as global quality metric: a differential geometry view},
  author={Richter, Thomas},
  booktitle={Quality of Multimedia Experience (QoMEX), 2011 Third International Workshop on},
  year={2011},
  organization={IEEE}
}

@inproceedings{xxx_li2015beyond,
  title={Beyond spatial pooling: fine-grained representation learning in multiple domains},
  author={Li, Chi and Reiter, Austin and Hager, Gregory D},
  booktitle={Proceedings of the IEEE Conference on Computer Vision and Pattern Recognition},
  year={2015}
}

@article{xxx_ginesu2012objective,
  title={Objective assessment of the WebP image coding algorithm},
  author={Ginesu, Giaime and Pintus, Maurizio and Giusto, Daniele D},
  journal={Signal Processing: Image Communication},
  volume={27},
  number={8},
  year={2012},
  publisher={Elsevier}
}

@article{Tramr2017TheSO,
  title={The Space of Transferable Adversarial Examples},
  author={Florian Tram{\`e}r and Nicolas Papernot and Ian J. Goodfellow and Dan Boneh and Patrick D. McDaniel},
  journal={CoRR},
  year={2017},
  volume={abs/1704.03453}
}

@article{Athalye2017SynthesizingRA,
  title={Synthesizing Robust Adversarial Examples},
  author={Anish Athalye and Ilya Sutskever},
  journal={CoRR},
  year={2017},
  volume={abs/1707.07397}
}
@article{Goodfellow2014ExplainingAH,
  title={Explaining and Harnessing Adversarial Examples},
  author={Ian J. Goodfellow and Jonathon Shlens and Christian Szegedy},
  journal={CoRR},
  year={2014},
  volume={abs/1412.6572}
}
@article{He2016DeepRL,
  title={Deep Residual Learning for Image Recognition},
  author={Kaiming He and Xiangyu Zhang and Shaoqing Ren and Jian Sun},
  journal={CVPR},
  year={2016}
}

@article{Papernot2016PracticalBA,
  title={Practical Black-Box Attacks against Deep Learning Systems using Adversarial Examples},
  author={Nicolas Papernot and Patrick D. McDaniel and Ian J. Goodfellow and Somesh Jha and Z. Berkay Celik and Ananthram Swami},
  journal={CoRR},
  year={2016},
  volume={abs/1602.02697}
} 

@article{Prakash2017SemanticPI,
  title={Semantic Perceptual Image Compression Using Deep Convolution Networks},
  author={Aaditya Prakash and Nick Moran and Solomon Garber and Antonella DiLillo and James Storer},
  journal={2017 Data Compression Conference (DCC)},
  year={2017}
}
@article{Dziugaite2016ASO,
  title={A study of the effect of {JPG} compression on adversarial images},
  author={Gintare Karolina Dziugaite and Zoubin Ghahramani and Daniel M. Roy},
  journal={CoRR},
  year={2016},
  volume={abs/1608.00853}
}
@article{Kurakin2016AdversarialEI,
  title={Adversarial examples in the physical world},
  author={Alexey Kurakin and Ian J. Goodfellow and Samy Bengio},
  journal={CoRR},
  year={2016},
  volume={abs/1607.02533}
}

@article{Simonyan2014VeryDC,
  title={Very Deep Convolutional Networks for Large-Scale Image Recognition},
  author={Karen Simonyan and Andrew Zisserman},
  journal={CoRR},
  year={2014},
  volume={abs/1409.1556}
}
@inproceedings{He2016IdentityMI,
  title={Identity Mappings in Deep Residual Networks},
  author={Kaiming He and Xiangyu Zhang and Shaoqing Ren and Jian Sun},
  booktitle={ECCV},
  year={2016}
}

@article{bojarski2016end,
  title={End to End Learning for Self-Driving Cars},
  author={Bojarski, Mariusz and Del Testa, Davide and Dworakowski, Daniel and Firner, Bernhard and Flepp, Beat and Goyal, Prasoon and Jackel, Lawrence D and Monfort, Mathew and Muller, Urs and Zhang, Jiakai and others},
  journal={arXiv preprint arXiv:1604.07316},
  year={2016}
}

@inproceedings{pascanu2015malware,
  title={Malware classification with recurrent networks},
  author={Pascanu, Razvan and Stokes, Jack W and Sanossian, Hermineh and Marinescu, Mady and Thomas, Anil},
  booktitle={Acoustics, Speech and Signal Processing (ICASSP), 2015},
  year={2015},
  organization={IEEE}
}
@inproceedings{papernot2016limitations,
  title={The limitations of deep learning in adversarial settings},
  author={Papernot, Nicolas and McDaniel, Patrick and Jha, Somesh and Fredrikson, Matt and Celik, Z Berkay and Swami, Ananthram},
  booktitle={Security and Privacy (EuroS\&P), 2016 IEEE European Symposium on},
  year={2016},
  organization={IEEE}
}

@article{Das2017KeepingTB,
  title={Keeping the Bad Guys Out: Protecting and Vaccinating Deep Learning with {JPEG} Compression},
  author={Nilaksh Das and Madhuri Shanbhogue and Shang-Tse Chen and Fred Hohman and Li Chen and Michael E. Kounavis and Duen Horng Chau},
  journal={CoRR},
  year={2017},
  volume={abs/1705.02900}
}

@article{Liu2016DelvingIT,
  title={Delving into Transferable Adversarial Examples and Black-box Attacks},
  author={Yanpei Liu and Xinyun Chen and Chang Liu and Dawn Xiaodong Song},
  journal={CoRR},
  year={2016},
  volume={abs/1611.02770}
}

@article{Carlini2017TowardsET,
  title={Towards Evaluating the Robustness of Neural Networks},
  author={Nicholas Carlini and David A. Wagner},
  journal={SSP},
  year={2017}
}
@article{Papernot2016DistillationAA,
  title={Distillation as a Defense to Adversarial Perturbations Against Deep Neural Networks},
  author={Nicolas Papernot and Patrick D. McDaniel and Xi Wu and Somesh Jha and Ananthram Swami},
  journal={SSP},
  year={2016}
}
@inproceedings{Miyato2015DistributionalSW,
  title={Distributional Smoothing with Virtual Adversarial Training},
  author={Takeru Miyato and Shin-ichi Maeda and Masanori Koyama and Ken Nakae and Shin Ishii},
  year={2015}
}
@article{Szegedy2013IntriguingPO,
  title={Intriguing properties of neural networks},
  author={Christian Szegedy and Wojciech Zaremba and Ilya Sutskever and Joan Bruna and Dumitru Erhan and Ian J. Goodfellow and Rob Fergus},
  journal={CoRR},
  year={2013},
  volume={abs/1312.6199}
}

@article{Erhan2014ScalableOD,
  title={Scalable Object Detection Using Deep Neural Networks},
  author={Dumitru Erhan and Christian Szegedy and Alexander Toshev and Dragomir Anguelov},
  journal={CVPR},
  year={2014}
}
@InProceedings{Zhao_2015_CVPR,
author = {Zhao, Rui and Ouyang, Wanli and Li, Hongsheng and Wang, Xiaogang},
title = {Saliency Detection by Multi-Context Deep Learning},
booktitle = {CVPR},
year = {2015}
}

@article{Tramr2017TheSO,
  title={The Space of Transferable Adversarial Examples},
  author={Florian Tram{\`e}r and Nicolas Papernot and Ian J. Goodfellow and Dan Boneh and Patrick D. McDaniel},
  journal={CoRR},
  year={2017},
  volume={abs/1704.03453}
}

@article{Athalye2017SynthesizingRA,
  title={Synthesizing Robust Adversarial Examples},
  author={Anish Athalye and Ilya Sutskever},
  journal={CoRR},
  year={2017},
  volume={abs/1707.07397}
}
@article{Goodfellow2014ExplainingAH,
  title={Explaining and Harnessing Adversarial Examples},
  author={Ian J. Goodfellow and Jonathon Shlens and Christian Szegedy},
  journal={CoRR},
  year={2014},
  volume={abs/1412.6572}
}
@article{He2016DeepRL,
  title={Deep Residual Learning for Image Recognition},
  author={Kaiming He and Xiangyu Zhang and Shaoqing Ren and Jian Sun},
  journal={2016 IEEE Conference on Computer Vision and Pattern Recognition (CVPR)},
  year={2016}
}

@article{Papernot2016PracticalBA,
  title={Practical Black-Box Attacks against Deep Learning Systems using Adversarial Examples},
  author={Nicolas Papernot and Patrick D. McDaniel and Ian J. Goodfellow and Somesh Jha and Z. Berkay Celik and Ananthram Swami},
  journal={CoRR},
  year={2016},
  volume={abs/1602.02697}
} 

@article{Prakash2017SemanticPI,
  title={Semantic Perceptual Image Compression Using Deep Convolution Networks},
  author={Aaditya Prakash and Nick Moran and Solomon Garber and Antonella DiLillo and James Storer},
  journal={2017 Data Compression Conference (DCC)},
  year={2017}
}
@article{Dziugaite2016ASO,
  title={A study of the effect of {JPG} compression on adversarial images},
  author={Gintare Karolina Dziugaite and Zoubin Ghahramani and Daniel M. Roy},
  journal={CoRR},
  year={2016},
  volume={abs/1608.00853}
}
@article{Kurakin2016AdversarialEI,
  title={Adversarial examples in the physical world},
  author={Alexey Kurakin and Ian J. Goodfellow and Samy Bengio},
  journal={CoRR},
  year={2016},
  volume={abs/1607.02533}
}

@article{Simonyan2014VeryDC,
  title={Very Deep Convolutional Networks for Large-Scale Image Recognition},
  author={Karen Simonyan and Andrew Zisserman},
  journal={CoRR},
  year={2014},
  volume={abs/1409.1556}
}
@inproceedings{He2016IdentityMI,
  title={Identity Mappings in Deep Residual Networks},
  author={Kaiming He and Xiangyu Zhang and Shaoqing Ren and Jian Sun},
  booktitle={ECCV},
  year={2016}
}

@article{bojarski2016end,
  title={End to End Learning for Self-Driving Cars},
  author={Bojarski, Mariusz and Del Testa, Davide and Dworakowski, Daniel and Firner, Bernhard and Flepp, Beat and Goyal, Prasoon and Jackel, Lawrence D and Monfort, Mathew and Muller, Urs and Zhang, Jiakai and others},
  journal={arXiv preprint arXiv:1604.07316},
  year={2016}
}

@inproceedings{pascanu2015malware,
  title={Malware classification with recurrent networks},
  author={Pascanu, Razvan and Stokes, Jack W and Sanossian, Hermineh and Marinescu, Mady and Thomas, Anil},
  booktitle={Acoustics, Speech and Signal Processing (ICASSP), 2015 IEEE International Conference on},
  year={2015},
  organization={IEEE}
}
@inproceedings{papernot2016limitations,
  title={The limitations of deep learning in adversarial settings},
  author={Papernot, Nicolas and McDaniel, Patrick and Jha, Somesh and Fredrikson, Matt and Celik, Z Berkay and Swami, Ananthram},
  booktitle={Security and Privacy (EuroS\&P), 2016 IEEE European Symposium on},
  year={2016},
  organization={IEEE}
}

@article{Das2017KeepingTB,
  title={Keeping the Bad Guys Out: Protecting and Vaccinating Deep Learning with {JPEG} Compression},
  author={Nilaksh Das and Madhuri Shanbhogue and Shang-Tse Chen and Fred Hohman and Li Chen and Michael E. Kounavis and Duen Horng Chau},
  journal={CoRR},
  year={2017},
  volume={abs/1705.02900}
}

@article{Liu2016DelvingIT,
  title={Delving into Transferable Adversarial Examples and Black-box Attacks},
  author={Yanpei Liu and Xinyun Chen and Chang Liu and Dawn Xiaodong Song},
  journal={CoRR},
  year={2016},
  volume={abs/1611.02770}
}

@article{Carlini2017TowardsET,
  title={Towards Evaluating the Robustness of Neural Networks},
  author={Nicholas Carlini and David A. Wagner},
  journal={2017 IEEE Symposium on Security and Privacy (SP)},
  year={2017}
}
@article{Papernot2016DistillationAA,
  title={Distillation as a Defense to Adversarial Perturbations Against Deep Neural Networks},
  author={Nicolas Papernot and Patrick D. McDaniel and Xi Wu and Somesh Jha and Ananthram Swami},
  journal={2016 IEEE Symposium on Security and Privacy (SP)},
  year={2016}
}
@inproceedings{Miyato2015DistributionalSW,
  title={Distributional Smoothing with Virtual Adversarial Training},
  author={Takeru Miyato and Shin-ichi Maeda and Masanori Koyama and Ken Nakae and Shin Ishii},
  year={2015}
}
@article{Szegedy2013IntriguingPO,
  title={Intriguing properties of neural networks},
  author={Christian Szegedy and Wojciech Zaremba and Ilya Sutskever and Joan Bruna and Dumitru Erhan and Ian J. Goodfellow and Rob Fergus},
  journal={CoRR},
  year={2013},
  volume={abs/1312.6199}
}

@article{Erhan2014ScalableOD,
  title={Scalable Object Detection Using Deep Neural Networks},
  author={Dumitru Erhan and Christian Szegedy and Alexander Toshev and Dragomir Anguelov},
  journal={2014 IEEE Conference on Computer Vision and Pattern Recognition},
  year={2014}
}
@InProceedings{Zhao_2015_CVPR,
author = {Zhao, Rui and Ouyang, Wanli and Li, Hongsheng and Wang, Xiaogang},
title = {Saliency Detection by Multi-Context Deep Learning},
booktitle = {The IEEE Conference on Computer Vision and Pattern Recognition (CVPR)},
year = {2015}
}
@article{wang2001designing,
  title={Designing {JPEG} quantization tables based on human visual system},
  author={Wang, Ching-Yang and Lee, Shiuh-Ming and Chang, Long-Wen},
  journal={Signal Processing: Image Communication},
  volume={16},
  number={5},
  year={2001},
  publisher={Elsevier}
}
@article{wallace1992jpeg,
  title={The {JPEG} still picture compression standard},
  author={Wallace, Gregory K},
  journal={IEEE transactions on consumer electronics},
  volume={38},
  number={1},
  year={1992},
  publisher={IEEE}
}

@article{FoveationbasedMALuo2015,
  title={Foveation-based Mechanisms Alleviate Adversarial Examples},
  author={Yan Luo and Xavier Boix and Gemma Roig and Tomaso A. Poggio and Qi Zhao},
  journal={CoRR},
  year={2015},
  volume={abs/1511.06292}
}

@inproceedings{CounteringAIGuo17,
  title={Countering Adversarial Images using Input Transformations},
  author={Chuan Guo and Mayank Rana and Moustapha Ciss{\'e} and Laurens van der Maaten},
  year={2017}
}

@inproceedings{MitigatingAnon208, 
title={Mitigating Adversarial Effects Through Randomization}, 
author={Xie, Cihang and Wang, Jianyu and Zhang, Zhishuai and Ren, Zhou and Yuille, Alan}, 
booktitle={International Conference on Learning Representations}, 
year={2018} 
}


@article{MitigatingRegionCao2017,
  title={Mitigating Evasion Attacks to Deep Neural Networks via Region-based Classification},
  author={Xiaoyu Cao and Neil Zhenqiang Gong},
  journal={CoRR},
  year={2017},
  volume={abs/1709.05583}
}

@inproceedings{EasilyDetectedCarlini2017,
  title={Adversarial Examples Are Not Easily Detected: Bypassing Ten Detection Methods},
  author={Nicholas Carlini and David A. Wagner},
  booktitle={AISec@CCS},
  year={2017}
}

@article{DropoutFeinman2017,
  title={Detecting Adversarial Samples from Artifacts},
  author={Reuben Feinman and Ryan R. Curtin and Saurabh Shintre and Andrew B. Gardner},
  journal={CoRR},
  year={2017},
  volume={abs/1703.00410}
}

@article{ForesightLin2017DetectingAA,
  title={Detecting Adversarial Attacks on Neural Network Policies with Visual Foresight},
  author={Yen-Chen Lin and Ming-Yu Liu and Min Sun and Jia-Bin Huang},
  journal={CoRR},
  year={2017},
  volume={abs/1710.00814}
}

@article{FeatureSqueezingXu2017,
  title={Feature Squeezing: Detecting Adversarial Examples in Deep Neural Networks},
  author={Weilin Xu and David Evans and Yanjun Qi},
  journal={CoRR},
  year={2017},
  volume={abs/1704.01155}
}

@article{OnePixelAttackSu2017,
  title={One pixel attack for fooling deep neural networks},
  author={Jiawei Su and Danilo Vasconcellos Vargas and Kouichi Sakurai},
  journal={CoRR},
  year={2017},
  volume={abs/1710.08864}
}

@inproceedings{WaveletDenoisingRangarajan2002,
  title={Image Denoising Using Wavelets},
  author={Raghuram Rangarajan and Ramji Venkataramanan and Siddharth Shah},
  year={2002}
}

@article{BayesShrinkChang2000,
  title={Adaptive wavelet thresholding for image denoising and compression},
  author={S. Grace Chang and Bin Yu and Martin Vetterli},
  journal={IEEE transactions on image processing : a publication of the IEEE Signal Processing Society},
  year={2000},
  volume={9 9},
  pages={1532-46}
}

@inproceedings{JPEG2000Adams2001,
  title={The JPEG - 2000 Still Image Compression Standard � ( Last Revised : June 30 , 2001 )},
  author={Michael D. Adams},
  year={2001}
}

@article{DWTantonini1992image,
  title={Image coding using wavelet transform},
  author={Antonini, Marc and Barlaud, Michel and Mathieu, Pierre and Daubechies, Ingrid},
  journal={IEEE Transactions on image processing},
  volume={1},
  number={2},
  pages={205--220},
  year={1992},
  publisher={IEEE}
}

@book{ThresholdingJansen2012noise,
  title={Noise reduction by wavelet thresholding},
  author={Jansen, Maarten},
  volume={161},
  year={2012},
  publisher={Springer Science \& Business Media}
}

@inproceedings{prakash2017semantic,
  title={Semantic Perceptual Image Compression using Deep Convolution Networks},
  author={Prakash, Aaditya and Moran, Nick and Garber, Solomon and DiLillo, Antonella and Storer, James},
  booktitle={Data Compression Conference (DCC), 2017},
  pages={250--259},
  year={2017},
  organization={IEEE}
}

@article{CAMZhou2016LearningDF,
  title={Learning Deep Features for Discriminative Localization},
  author={Bolei Zhou and Aditya Khosla and {\`A}gata Lapedriza and Aude Oliva and Antonio Torralba},
  journal={2016 IEEE Conference on Computer Vision and Pattern Recognition (CVPR)},
  year={2016},
  pages={2921-2929}
}

@article{SALICONHuang2015,
  title={SALICON: Reducing the Semantic Gap in Saliency Prediction by Adapting Deep Neural Networks},
  author={Xun Huang and Chengyao Shen and Xavier Boix and Qi Zhao},
  journal={2015 IEEE International Conference on Computer Vision (ICCV)},
  year={2015},
  pages={262-270}
}

@article{WeaklyOquab2015IsOL,
  title={Is object localization for free? - Weakly-supervised learning with convolutional neural networks},
  author={Maxime Oquab and L{\'e}on Bottou and Ivan Laptev and Josef Sivic},
  journal={2015 IEEE Conference on Computer Vision and Pattern Recognition (CVPR)},
  year={2015},
  pages={685-694}
}

@article{DeepGazeKmmerer2014DeepGI,
  title={Deep Gaze I: Boosting Saliency Prediction with Feature Maps Trained on ImageNet},
  author={Matthias K{\'u}mmerer and Lucas Theis and Matthias Bethge},
  journal={CoRR},
  year={2014},
  volume={abs/1411.1045}
}

@article{DirtyPODiamond2017,
  title={Dirty Pixels: Optimizing Image Classification Architectures for Raw Sensor Data},
  author={Steven Diamond and Vincent Sitzmann and Stephen P. Boyd and Gordon Wetzstein and Felix Heide},
  journal={CoRR},
  year={2017},
  volume={abs/1701.06487}
}

@article{EasilyFNguyen2015DeepNN,
  title={Deep neural networks are easily fooled: High confidence predictions for unrecognizable images},
  author={Anh Mai Nguyen and Jason Yosinski and Jeff Clune},
  journal={2015 IEEE Conference on Computer Vision and Pattern Recognition (CVPR)},
  year={2015},
  pages={427-436}
}

@article{IntriguingSzegedy2013,
  title={Intriguing properties of neural networks},
  author={Christian Szegedy and Wojciech Zaremba and Ilya Sutskever and Joan Bruna and Dumitru Erhan and Ian J. Goodfellow and Rob Fergus},
  journal={CoRR},
  year={2013},
  volume={abs/1312.6199}
}

@article{Yosinski2015UnderstandingNN,
  title={Understanding Neural Networks Through Deep Visualization},
  author={Jason Yosinski and Jeff Clune and Anh Mai Nguyen and Thomas J. Fuchs and Hod Lipson},
  journal={CoRR},
  year={2015},
  volume={abs/1506.06579}
}
@article{Chattopadhyay2017GradCAMGG,
  title={Grad-CAM++: Generalized Gradient-based Visual Explanations for Deep Convolutional Networks},
  author={Aditya Chattopadhyay and Anirban Sarkar and Prantik Howlader and Vineeth N. Balasubramanian},
  journal={CoRR},
  year={2017},
  volume={abs/1710.11063}
}

@article{Szegedy2016RethinkingTI,
  title={Rethinking the Inception Architecture for Computer Vision},
  author={Christian Szegedy and Vincent Vanhoucke and Sergey Ioffe and Jonathon Shlens and Zbigniew Wojna},
  journal={2016 IEEE Conference on Computer Vision and Pattern Recognition (CVPR)},
  year={2016},
  pages={2818-2826}
}

@article{Deng2009ImageNetAL,
  title={ImageNet: A large-scale hierarchical image database},
  author={Jia Deng and Wei Dong and Richard Socher and Li-Jia Li and Kai Li and Fei-fei Li},
  journal={2009 IEEE Conference on Computer Vision and Pattern Recognition},
  year={2009},
  pages={248-255}
}


@article{field1987relations,
  title={Relations between the statistics of natural images and the response properties of cortical cells},
  author={Field, David J},
  journal={Josa a},
  volume={4},
  number={12},
  pages={2379--2394},
  year={1987},
  publisher={Optical Society of America}
}

@article{Madry2017TowardsDL,
  title={Towards Deep Learning Models Resistant to Adversarial Attacks},
  author={Aleksander Madry and Aleksandar Makelov and Ludwig Schmidt and Dimitris Tsipras and Adrian Vladu},
  journal={CoRR},
  year={2017},
  volume={abs/1706.06083}
}

@article{Bhagoji2017DimensionalityRA,
  title={Dimensionality Reduction as a Defense against Evasion Attacks on Machine Learning Classifiers},
  author={Arjun Nitin Bhagoji and Daniel Cullina and Prateek Mittal},
  journal={CoRR},
  year={2017},
  volume={abs/1704.02654}
}

@article{Liu2016DelvingIT,
  title={Delving into Transferable Adversarial Examples and Black-box Attacks},
  author={Yanpei Liu and Xinyun Chen and Chang Song Liu and Dawn Xiaodong Song},
  journal={CoRR},
  year={2016},
  volume={abs/1611.02770}
}


@article{MoosaviDezfooli2016DeepFoolAS,
  title={DeepFool: A Simple and Accurate Method to Fool Deep Neural Networks},
  author={Seyed-Mohsen Moosavi-Dezfooli and Alhussein Fawzi and Pascal Frossard},
  journal={2016 IEEE Conference on Computer Vision and Pattern Recognition (CVPR)},
  year={2016},
  pages={2574-2582}
}
@article{Tramr2017EnsembleAT,
  title={Ensemble Adversarial Training: Attacks and Defenses},
  author={Florian Tram{\`e}r and Alexey Kurakin and Nicolas Papernot and Dan Boneh and Patrick D. McDaniel},
  journal={CoRR},
  year={2017},
  volume={abs/1705.07204}
}

@inproceedings{Meng2017MagNetAT,
  title={MagNet: A Two-Pronged Defense against Adversarial Examples},
  author={Dongyu Meng and Hao Chen},
  booktitle={CCS},
  year={2017}
}


@article{Marcelja1980MathematicalDO,
  title={Mathematical description of the responses of simple cortical cells.},
  author={Stjepan Marc̆elja},
  journal={Journal of the Optical Society of America},
  year={1980},
  volume={70 11},
  pages={1297-300}
}

@inproceedings{VISUDonoho1994IdealSA,
  title={Ideal Spatial Adaptation by Wavelet Shrinkage},
  author={David L. Donoho and Iain Johnstone},
  year={1994}
}
@inproceedings{SUREDonoho1992AdaptingTU,
  title={Adapting to Unknown Smoothness via Wavelet Shrinkage},
  author={David L. Donoho and Iain Johnstone},
  year={1992}
}


@article{Rust2005SpatiotemporalEO,
  title={Spatiotemporal Elements of Macaque V1 Receptive Fields},
  author={Nicole C. Rust and Odelia Schwartz and J. Anthony Movshon and Eero P. Simoncelli},
  journal={Neuron},
  year={2005},
  volume={46},
  pages={945-956}
}

@article{Hubel1959ReceptiveFO,
  title={Receptive fields of single neurones in the cat's striate cortex.},
  author={David H. Hubel and Torsten N. Wiesel},
  journal={The Journal of physiology},
  year={1959},
  volume={148},
  pages={574-91}
}

@inproceedings{Simoncelli1999BayesianDO,
  title={Bayesian Denoising of Visual Images in the Wavelet Domain},
  author={Eero P. Simoncelli},
  year={1999}
}

@article{Su2017OnePA,
  title={One pixel attack for fooling deep neural networks},
  author={Jiawei Su and Danilo Vasconcellos Vargas and Kouichi Sakurai},
  journal={CoRR},
  year={2017},
  volume={abs/1710.08864}
}
@article{Getreuer2012RudinOsherFatemiTV,
  title={Rudin-Osher-Fatemi Total Variation Denoising using Split Bregman},
  author={Pascal Getreuer},
  journal={IPOL Journal},
  year={2012},
  volume={2},
  pages={74-95}
}

@inproceedings{Bottou1997GlobalTO,
  title={Global Training of Document Processing Systems Using Graph Transformer Networks},
  author={L{\'e}on Bottou and Yoshua Bengio and Yann LeCun},
  booktitle={CVPR},
  year={1997}
}

@article{akhtar2017defense,
  title={Defense against Universal Adversarial Perturbations},
  author={Akhtar, Naveed and Liu, Jian and Mian, Ajmal},
  journal={arXiv preprint arXiv:1711.05929},
  year={2017}
}

@article{wang2001designing,
  title={Designing {JPEG} quantization tables based on human visual system},
  author={Wang, Ching-Yang and Lee, Shiuh-Ming and Chang, Long-Wen},
  journal={Signal Processing: Image Communication},
  volume={16},
  number={5},
  year={2001},
  publisher={Elsevier}
}
@article{wallace1992jpeg,
  title={The {JPEG} still picture compression standard},
  author={Wallace, Gregory K},
  journal={IEEE transactions on consumer electronics},
  volume={38},
  number={1},
  year={1992},
  publisher={IEEE}
}
@article{MoosaviDezfooli2016DeepFoolAS,
  title={DeepFool: A Simple and Accurate Method to Fool Deep Neural Networks},
  author={Seyed-Mohsen Moosavi-Dezfooli and Alhussein Fawzi and Pascal Frossard},
  journal={2016 IEEE Conference on Computer Vision and Pattern Recognition (CVPR)},
  year={2016},
  pages={2574-2582}
}

@article{liang2017detecting,
  title={Detecting Adversarial Examples in Deep Networks with Adaptive Noise Reduction},
  author={Liang, Bin and Li, Hongcheng and Su, Miaoqiang and Li, Xirong and Shi, Wenchang and Wang, Xiaofeng},
  journal={arXiv preprint},
  year={2017}
}

 
 @article{guo2017countering,
  title={Countering Adversarial Images using Input Transformations},
  author={Guo, Chuan and Rana, Mayank and Ciss{\'e}, Moustapha and van der Maaten, Laurens},
  journal={arXiv preprint},
  year={2017}
}
  
@article{wang2004image,
  title={Image quality assessment: from error visibility to structural similarity},
  author={Wang, Zhou and Bovik, Alan C and Sheikh, Hamid R and Simoncelli, Eero P},
  journal={IEEE transactions on image processing},
  volume={13},
  number={4},
  pages={600--612},
  year={2004},
  publisher={IEEE}
}

@article{aadityaprakash2018,
  title={Deflecting Adversarial Attacks with Pixel Deflection},
  author={Prakash, Aaditya and Moran, Nick and Garber, Solomon and DiLillo, Antonella and Storer, James},
  journal={arXiv preprint arXiv:1801.08926},
  year={2018}
}

@inproceedings{xxx_girshick2014rich,
  title={Rich feature hierarchies for accurate object detection and semantic segmentation},
  author={Girshick, Ross and Donahue, Jeff and Darrell, Trevor and Malik, Jitendra},
  booktitle={Proceedings of the IEEE conference on computer vision and pattern recognition},
  year={2014}
}

@article{xxx_dai2016r,
  title={R-FCN: Object Detection via Region-based Fully Convolutional Networks},
  author={Dai, Jifeng and Li, Yi and He, Kaiming and Sun, Jian},
  journal={arXiv preprint arXiv:1605.06409},
  year={2016}
}


@inproceedings{xxx_liu2015predicting,
  title={Predicting eye fixations using convolutional neural networks},
  author={Liu, Nian and Han, Junwei and Zhang, Dingwen and Wen, Shifeng and Liu, Tianming},
  booktitle={Proceedings of the IEEE Conference on Computer Vision and Pattern Recognition},
  year={2015}
}

@inproceedings{xxx_mnih2014recurrent,
  title={Recurrent models of visual attention},
  author={Mnih, Volodymyr and Heess, Nicolas and Graves, Alex and others},
  booktitle={Advances in Neural Information Processing Systems},
  year={2014}
}

@inproceedings{xxx_chandra1999jpegcompressionme,
  title={JPEG compression metric as a quality aware image transcoding},
  author={Chandra, Surendar and Ellis, Carla Schlatter},
  booktitle={2nd USENIX Symposium on Internet Technologies and Systems (USITS99)},
  year={1999}
}

@inproceedings{xxx_memon2000method,
  title={Method for variable quantization in JPEG for improved perceptual quality},
  author={Memon, Nasir D and Tretter, Daniel R},
  booktitle={Electronic Imaging},
  year={2000},
  organization={International Society for Optics and Photonics}
}

@inproceedings{xxx_konstantinides1998method,
  title={A method for variable quantization in JPEG for improved text quality in compound documents},
  author={Konstantinides, Konstantinos and Tretter, Daniel},
  booktitle={Image Processing, 1998. ICIP 98. Proceedings. 1998 International Conference on},
  volume={2},
  year={1998},
  organization={IEEE}
}

@inproceedings{xxx_klein1992relevance,
  title={Relevance of human vision to JPEG-DCT compression},
  author={Klein, Stanley A and Silverstein, D Amnon and Carney, Thom},
  booktitle={SPIE/IS\&T 1992 Symposium on Electronic Imaging: Science and Technology},
  year={1992},
  organization={International Society for Optics and Photonics}
}

@article{xxx_tan1996classified,
  title={Classified perceptual coding with adaptive quantization},
  author={Tan, Soon Hie and Pang, Khee K and Ngan, King N},
  journal={IEEE transactions on circuits and systems for video technology},
  volume={6},
  number={4},
  year={1996},
  publisher={IEEE}
}

@inproceedings{xxx_xiang2014adaptive,
  title={An Adaptive Perceptual Quantization Algorithm Based on Block-Level JND for Video Coding},
  author={Xiang, Guoqing and Xie, Xiaodong and Jia, Huizhu and Huang, Xiaofeng and Liu, Jie and Wei, Kaijin and Bai, Yuanchao and Liao, Pei and Gao, Wen},
  booktitle={Pacific Rim Conference on Multimedia},
  year={2014},
  organization={Springer}
}

@article{xxx_everingham2010pascal,
  title={The pascal visual object classes (voc) challenge},
  author={Everingham, Mark and Van Gool, Luc and Williams, Christopher KI and Winn, John and Zisserman, Andrew},
  journal={International journal of computer vision},
  volume={88},
  number={2},
  year={2010},
  publisher={Springer}
}

@inproceedings{xxx_long2015fully,
  title={Fully convolutional networks for semantic segmentation},
  author={Long, Jonathan and Shelhamer, Evan and Darrell, Trevor},
  booktitle={Proceedings of the IEEE Conference on Computer Vision and Pattern Recognition},
  year={2015}
}

@inproceedings{xxx_zheng2015conditional,
  title={Conditional random fields as recurrent neural networks},
  author={Zheng, Shuai and Jayasumana, Sadeep and Romera-Paredes, Bernardino and Vineet, Vibhav and Su, Zhizhong and Du, Dalong and Huang, Chang and Torr, Philip HS},
  booktitle={Proceedings of the IEEE International Conference on Computer Vision},
  year={2015}
}

@article{xxx_lecun1995convolutional,
  title={Convolutional networks for images, speech, and time series},
  author={LeCun, Yann and Bengio, Yoshua},
  journal={The handbook of brain theory and neural networks},
  volume={3361},
  number={10},
  year={1995}
}

@inproceedings{xxx_krizhevsky2012imagenet,
  title={Imagenet classification with deep convolutional neural networks},
  author={Krizhevsky, Alex and Sutskever, Ilya and Hinton, Geoffrey E},
  booktitle={Advances in neural information processing systems},
  year={2012}
}

@article{xxx_simonyan2014very,
  title={Very deep convolutional networks for large-scale image recognition},
  author={Simonyan, Karen and Zisserman, Andrew},
  journal={arXiv preprint arXiv:1409.1556},
  year={2014}
}

@inproceedings{xxx_szegedy2015going,
  title={Going deeper with convolutions},
  author={Szegedy, Christian and Liu, Wei and Jia, Yangqing and Sermanet, Pierre and Reed, Scott and Anguelov, Dragomir and Erhan, Dumitru and Vanhoucke, Vincent and Rabinovich, Andrew},
  booktitle={Proceedings of the IEEE Conference on Computer Vision and Pattern Recognition},
  year={2015}
}

@InProceedings{xxx_he2015deep,
author = {He, Kaiming and Zhang, Xiangyu and Ren, Shaoqing and Sun, Jian},
title = {Deep Residual Learning for Image Recognition},
booktitle = {The IEEE Conference on Computer Vision and Pattern Recognition (CVPR)},
year = {2016}
}


@inproceedings{xxx_zeiler2014visualizing,
  title={Visualizing and understanding convolutional networks},
  author={Zeiler, Matthew D and Fergus, Rob},
  booktitle={European Conference on Computer Vision},
  year={2014},
  organization={Springer}
}

@inproceedings{xxx_girshick2015fast,
  title={Fast r-cnn},
  author={Girshick, Ross},
  booktitle={Proceedings of the IEEE International Conference on Computer Vision},
  year={2015}
}

@inproceedings{xxx_ren2015faster,
  title={Faster R-CNN: Towards real-time object detection with region proposal networks},
  author={Ren, Shaoqing and He, Kaiming and Girshick, Ross and Sun, Jian},
  booktitle={Advances in neural information processing systems},
  year={2015}
}

@article{xxx_franzen1999kodak,
  title={Kodak lossless true color image suite},
  author={Franzen, Rich},
  journal={source: http://r0k. us/graphics/kodak},
  volume={4},
  year={1999}
}

@misc{xxx_mit_saliency_benchmark,
  author     = {Zoya Bylinskii and Tilke Judd and Ali Borji and Laurent Itti and Fr{\'e}do Durand and Aude Oliva and Antonio Torralba},
  title      = {MIT Saliency Benchmark},
}

@article{xxx_griffin2007caltech,
  title={Caltech-256 object category dataset},
  author={Griffin, Gregory and Holub, Alex and Perona, Pietro},
  year={2007},
  publisher={California Institute of Technology}
}

@inproceedings{xxx_imagenet_cvpr09,
        AUTHOR = {Deng, J. and Dong, W. and Socher, R. and Li, L.-J. and Li, K. and Fei-Fei, L.},
        TITLE = {{ImageNet: A Large-Scale Hierarchical Image Database}},
        BOOKTITLE = {CVPR09},
        YEAR = {2009}
}

@article{Tramr2017TheSO,
  title={The Space of Transferable Adversarial Examples},
  author={Florian Tram{\`e}r and Nicolas Papernot and Ian J. Goodfellow and Dan Boneh and Patrick D. McDaniel},
  journal={CoRR},
  year={2017},
  volume={abs/1704.03453}
}

@article{Athalye2017SynthesizingRA,
  title={Synthesizing Robust Adversarial Examples},
  author={Anish Athalye and Ilya Sutskever},
  journal={CoRR},
  year={2017},
  volume={abs/1707.07397}
}
@article{Goodfellow2014ExplainingAH,
  title={Explaining and Harnessing Adversarial Examples},
  author={Ian J. Goodfellow and Jonathon Shlens and Christian Szegedy},
  journal={CoRR},
  year={2014},
  volume={abs/1412.6572}
}
@article{He2016DeepRL,
  title={Deep Residual Learning for Image Recognition},
  author={Kaiming He and Xiangyu Zhang and Shaoqing Ren and Jian Sun},
  journal={2016 IEEE Conference on Computer Vision and Pattern Recognition (CVPR)},
  year={2016}
}

@article{Papernot2016PracticalBA,
  title={Practical Black-Box Attacks against Deep Learning Systems using Adversarial Examples},
  author={Nicolas Papernot and Patrick D. McDaniel and Ian J. Goodfellow and Somesh Jha and Z. Berkay Celik and Ananthram Swami},
  journal={CoRR},
  year={2016},
  volume={abs/1602.02697}
} 

@article{Prakash2017SemanticPI,
  title={Semantic Perceptual Image Compression Using Deep Convolution Networks},
  author={Aaditya Prakash and Nick Moran and Solomon Garber and Antonella DiLillo and James Storer},
  journal={2017 Data Compression Conference (DCC)},
  year={2017}
}
@article{Dziugaite2016ASO,
  title={A study of the effect of {JPG} compression on adversarial images},
  author={Gintare Karolina Dziugaite and Zoubin Ghahramani and Daniel M. Roy},
  journal={CoRR},
  year={2016},
  volume={abs/1608.00853}
}
@article{Kurakin2016AdversarialEI,
  title={Adversarial examples in the physical world},
  author={Alexey Kurakin and Ian J. Goodfellow and Samy Bengio},
  journal={CoRR},
  year={2016},
  volume={abs/1607.02533}
}

@article{Simonyan2014VeryDC,
  title={Very Deep Convolutional Networks for Large-Scale Image Recognition},
  author={Karen Simonyan and Andrew Zisserman},
  journal={CoRR},
  year={2014},
  volume={abs/1409.1556}
}
@inproceedings{He2016IdentityMI,
  title={Identity Mappings in Deep Residual Networks},
  author={Kaiming He and Xiangyu Zhang and Shaoqing Ren and Jian Sun},
  booktitle={ECCV},
  year={2016}
}

@article{bojarski2016end,
  title={End to End Learning for Self-Driving Cars},
  author={Bojarski, Mariusz and Del Testa, Davide and Dworakowski, Daniel and Firner, Bernhard and Flepp, Beat and Goyal, Prasoon and Jackel, Lawrence D and Monfort, Mathew and Muller, Urs and Zhang, Jiakai and others},
  journal={arXiv preprint arXiv:1604.07316},
  year={2016}
}

@inproceedings{pascanu2015malware,
  title={Malware classification with recurrent networks},
  author={Pascanu, Razvan and Stokes, Jack W and Sanossian, Hermineh and Marinescu, Mady and Thomas, Anil},
  booktitle={Acoustics, Speech and Signal Processing (ICASSP), 2015 IEEE International Conference on},
  year={2015},
  organization={IEEE}
}
@inproceedings{papernot2016limitations,
  title={The limitations of deep learning in adversarial settings},
  author={Papernot, Nicolas and McDaniel, Patrick and Jha, Somesh and Fredrikson, Matt and Celik, Z Berkay and Swami, Ananthram},
  booktitle={Security and Privacy (EuroS\&P), 2016 IEEE European Symposium on},
  year={2016},
  organization={IEEE}
}

@article{Das2017KeepingTB,
  title={Keeping the Bad Guys Out: Protecting and Vaccinating Deep Learning with {JPEG} Compression},
  author={Nilaksh Das and Madhuri Shanbhogue and Shang-Tse Chen and Fred Hohman and Li Chen and Michael E. Kounavis and Duen Horng Chau},
  journal={CoRR},
  year={2017},
  volume={abs/1705.02900}
}

@article{Liu2016DelvingIT,
  title={Delving into Transferable Adversarial Examples and Black-box Attacks},
  author={Yanpei Liu and Xinyun Chen and Chang Liu and Dawn Xiaodong Song},
  journal={CoRR},
  year={2016},
  volume={abs/1611.02770}
}

@article{Carlini2017TowardsET,
  title={Towards Evaluating the Robustness of Neural Networks},
  author={Nicholas Carlini and David A. Wagner},
  journal={2017 IEEE Symposium on Security and Privacy (SP)},
  year={2017}
}
@article{Papernot2016DistillationAA,
  title={Distillation as a Defense to Adversarial Perturbations Against Deep Neural Networks},
  author={Nicolas Papernot and Patrick D. McDaniel and Xi Wu and Somesh Jha and Ananthram Swami},
  journal={2016 IEEE Symposium on Security and Privacy (SP)},
  year={2016}
}
@inproceedings{Miyato2015DistributionalSW,
  title={Distributional Smoothing with Virtual Adversarial Training},
  author={Takeru Miyato and Shin-ichi Maeda and Masanori Koyama and Ken Nakae and Shin Ishii},
  year={2015}
}
@article{Szegedy2013IntriguingPO,
  title={Intriguing properties of neural networks},
  author={Christian Szegedy and Wojciech Zaremba and Ilya Sutskever and Joan Bruna and Dumitru Erhan and Ian J. Goodfellow and Rob Fergus},
  journal={CoRR},
  year={2013},
  volume={abs/1312.6199}
}

@article{Erhan2014ScalableOD,
  title={Scalable Object Detection Using Deep Neural Networks},
  author={Dumitru Erhan and Christian Szegedy and Alexander Toshev and Dragomir Anguelov},
  journal={2014 IEEE Conference on Computer Vision and Pattern Recognition},
  year={2014}
}
@InProceedings{Zhao_2015_CVPR,
author = {Zhao, Rui and Ouyang, Wanli and Li, Hongsheng and Wang, Xiaogang},
title = {Saliency Detection by Multi-Context Deep Learning},
booktitle = {The IEEE Conference on Computer Vision and Pattern Recognition (CVPR)},
month = {June},
year = {2015}
}
@article{wang2001designing,
  title={Designing {JPEG} quantization tables based on human visual system},
  author={Wang, Ching-Yang and Lee, Shiuh-Ming and Chang, Long-Wen},
  journal={Signal Processing: Image Communication},
  volume={16},
  number={5},
  year={2001},
  publisher={Elsevier}
}
@article{wallace1992jpeg,
  title={The {JPEG} still picture compression standard},
  author={Wallace, Gregory K},
  journal={IEEE transactions on consumer electronics},
  volume={38},
  number={1},
  year={1992},
  publisher={IEEE}
}

@article{FoveationbasedMALuo2015,
  title={Foveation-based Mechanisms Alleviate Adversarial Examples},
  author={Yan Luo and Xavier Boix and Gemma Roig and Tomaso A. Poggio and Qi Zhao},
  journal={CoRR},
  year={2015},
  volume={abs/1511.06292}
}

@inproceedings{CounteringAIGuo17,
  title={Countering Adversarial Images using Input Transformations},
  author={Chuan Guo and Mayank Rana and Moustapha Ciss{\'e} and Laurens van der Maaten},
  year={2017}
}

@inproceedings{MitigatingAnon208, 
title={Mitigating Adversarial Effects Through Randomization}, 
author={Xie, Cihang and Wang, Jianyu and Zhang, Zhishuai and Ren, Zhou and Yuille, Alan}, 
booktitle={International Conference on Learning Representations}, 
year={2018} 
}


@article{MitigatingRegionCao2017,
  title={Mitigating Evasion Attacks to Deep Neural Networks via Region-based Classification},
  author={Xiaoyu Cao and Neil Zhenqiang Gong},
  journal={CoRR},
  year={2017},
  volume={abs/1709.05583}
}

@inproceedings{EasilyDetectedCarlini2017,
  title={Adversarial Examples Are Not Easily Detected: Bypassing Ten Detection Methods},
  author={Nicholas Carlini and David A. Wagner},
  booktitle={AISec@CCS},
  year={2017}
}

@article{DropoutFeinman2017,
  title={Detecting Adversarial Samples from Artifacts},
  author={Reuben Feinman and Ryan R. Curtin and Saurabh Shintre and Andrew B. Gardner},
  journal={CoRR},
  year={2017},
  volume={abs/1703.00410}
}

@article{ForesightLin2017DetectingAA,
  title={Detecting Adversarial Attacks on Neural Network Policies with Visual Foresight},
  author={Yen-Chen Lin and Ming-Yu Liu and Min Sun and Jia-Bin Huang},
  journal={CoRR},
  year={2017},
  volume={abs/1710.00814}
}

@article{FeatureSqueezingXu2017,
  title={Feature Squeezing: Detecting Adversarial Examples in Deep Neural Networks},
  author={Weilin Xu and David Evans and Yanjun Qi},
  journal={CoRR},
  year={2017},
  volume={abs/1704.01155}
}

@article{OnePixelAttackSu2017,
  title={One pixel attack for fooling deep neural networks},
  author={Jiawei Su and Danilo Vasconcellos Vargas and Kouichi Sakurai},
  journal={CoRR},
  year={2017},
  volume={abs/1710.08864}
}

@inproceedings{WaveletDenoisingRangarajan2002,
  title={Image Denoising Using Wavelets},
  author={Raghuram Rangarajan and Ramji Venkataramanan and Siddharth Shah},
  year={2002}
}

@article{BayesShrinkChang2000,
  title={Adaptive wavelet thresholding for image denoising and compression},
  author={S. Grace Chang and Bin Yu and Martin Vetterli},
  journal={IEEE transactions on image processing : a publication of the IEEE Signal Processing Society},
  year={2000},
  volume={9 9},
  pages={1532-46}
}

@inproceedings{JPEG2000Adams2001,
  title={The JPEG - 2000 Still Image Compression Standard � ( Last Revised : June 30 , 2001 )},
  author={Michael D. Adams},
  year={2001}
}

@article{DWTantonini1992image,
  title={Image coding using wavelet transform},
  author={Antonini, Marc and Barlaud, Michel and Mathieu, Pierre and Daubechies, Ingrid},
  journal={IEEE Transactions on image processing},
  volume={1},
  number={2},
  pages={205--220},
  year={1992},
  publisher={IEEE}
}

@book{ThresholdingJansen2012noise,
  title={Noise reduction by wavelet thresholding},
  author={Jansen, Maarten},
  volume={161},
  year={2012},
  publisher={Springer Science \& Business Media}
}

@inproceedings{prakash2017semantic,
  title={Semantic Perceptual Image Compression using Deep Convolution Networks},
  author={Prakash, Aaditya and Moran, Nick and Garber, Solomon and DiLillo, Antonella and Storer, James},
  booktitle={Data Compression Conference (DCC), 2017},
  pages={250--259},
  year={2017},
  organization={IEEE}
}

@article{CAMZhou2016LearningDF,
  title={Learning Deep Features for Discriminative Localization},
  author={Bolei Zhou and Aditya Khosla and {\`A}gata Lapedriza and Aude Oliva and Antonio Torralba},
  journal={2016 IEEE Conference on Computer Vision and Pattern Recognition (CVPR)},
  year={2016},
  pages={2921-2929}
}

@article{SALICONHuang2015,
  title={SALICON: Reducing the Semantic Gap in Saliency Prediction by Adapting Deep Neural Networks},
  author={Xun Huang and Chengyao Shen and Xavier Boix and Qi Zhao},
  journal={2015 IEEE International Conference on Computer Vision (ICCV)},
  year={2015},
  pages={262-270}
}

@article{WeaklyOquab2015IsOL,
  title={Is object localization for free? - Weakly-supervised learning with convolutional neural networks},
  author={Maxime Oquab and L{\'e}on Bottou and Ivan Laptev and Josef Sivic},
  journal={2015 IEEE Conference on Computer Vision and Pattern Recognition (CVPR)},
  year={2015},
  pages={685-694}
}

@article{DeepGazeKmmerer2014DeepGI,
  title={Deep Gaze I: Boosting Saliency Prediction with Feature Maps Trained on ImageNet},
  author={Matthias K{\'u}mmerer and Lucas Theis and Matthias Bethge},
  journal={CoRR},
  year={2014},
  volume={abs/1411.1045}
}

@article{DirtyPODiamond2017,
  title={Dirty Pixels: Optimizing Image Classification Architectures for Raw Sensor Data},
  author={Steven Diamond and Vincent Sitzmann and Stephen P. Boyd and Gordon Wetzstein and Felix Heide},
  journal={CoRR},
  year={2017},
  volume={abs/1701.06487}
}

@article{EasilyFNguyen2015DeepNN,
  title={Deep neural networks are easily fooled: High confidence predictions for unrecognizable images},
  author={Anh Mai Nguyen and Jason Yosinski and Jeff Clune},
  journal={2015 IEEE Conference on Computer Vision and Pattern Recognition (CVPR)},
  year={2015},
  pages={427-436}
}

@article{IntriguingSzegedy2013,
  title={Intriguing properties of neural networks},
  author={Christian Szegedy and Wojciech Zaremba and Ilya Sutskever and Joan Bruna and Dumitru Erhan and Ian J. Goodfellow and Rob Fergus},
  journal={CoRR},
  year={2013},
  volume={abs/1312.6199}
}

@article{Yosinski2015UnderstandingNN,
  title={Understanding Neural Networks Through Deep Visualization},
  author={Jason Yosinski and Jeff Clune and Anh Mai Nguyen and Thomas J. Fuchs and Hod Lipson},
  journal={CoRR},
  year={2015},
  volume={abs/1506.06579}
}
@article{Chattopadhyay2017GradCAMGG,
  title={Grad-CAM++: Generalized Gradient-based Visual Explanations for Deep Convolutional Networks},
  author={Aditya Chattopadhyay and Anirban Sarkar and Prantik Howlader and Vineeth N. Balasubramanian},
  journal={CoRR},
  year={2017},
  volume={abs/1710.11063}
}

@article{Szegedy2016RethinkingTI,
  title={Rethinking the Inception Architecture for Computer Vision},
  author={Christian Szegedy and Vincent Vanhoucke and Sergey Ioffe and Jonathon Shlens and Zbigniew Wojna},
  journal={2016 IEEE Conference on Computer Vision and Pattern Recognition (CVPR)},
  year={2016},
  pages={2818-2826}
}

@article{Deng2009ImageNetAL,
  title={ImageNet: A large-scale hierarchical image database},
  author={Jia Deng and Wei Dong and Richard Socher and Li-Jia Li and Kai Li and Fei-fei Li},
  journal={2009 IEEE Conference on Computer Vision and Pattern Recognition},
  year={2009},
  pages={248-255}
}

@article{papernot2017cleverhans,
  title={cleverhans v2.0.0: an adversarial machine learning library},
  author={Nicolas Papernot, Nicholas Carlini, et. al},
  journal={arXiv preprint arXiv:1610.00768},
  year={2017}
}

@article{field1987relations,
  title={Relations between the statistics of natural images and the response properties of cortical cells},
  author={Field, David J},
  journal={Josa a},
  volume={4},
  number={12},
  pages={2379--2394},
  year={1987},
  publisher={Optical Society of America}
}

@article{Madry2017TowardsDL,
  title={Towards Deep Learning Models Resistant to Adversarial Attacks},
  author={Aleksander Madry and Aleksandar Makelov and Ludwig Schmidt and Dimitris Tsipras and Adrian Vladu},
  journal={CoRR},
  year={2017},
  volume={abs/1706.06083}
}

@article{Bhagoji2017DimensionalityRA,
  title={Dimensionality Reduction as a Defense against Evasion Attacks on Machine Learning Classifiers},
  author={Arjun Nitin Bhagoji and Daniel Cullina and Prateek Mittal},
  journal={CoRR},
  year={2017},
  volume={abs/1704.02654}
}

@article{Liu2016DelvingIT,
  title={Delving into Transferable Adversarial Examples and Black-box Attacks},
  author={Yanpei Liu and Xinyun Chen and Chang Song Liu and Dawn Xiaodong Song},
  journal={CoRR},
  year={2016},
  volume={abs/1611.02770}
}


@article{MoosaviDezfooli2016DeepFoolAS,
  title={DeepFool: A Simple and Accurate Method to Fool Deep Neural Networks},
  author={Seyed-Mohsen Moosavi-Dezfooli and Alhussein Fawzi and Pascal Frossard},
  journal={2016 IEEE Conference on Computer Vision and Pattern Recognition (CVPR)},
  year={2016},
  pages={2574-2582}
}
@article{Tramr2017EnsembleAT,
  title={Ensemble Adversarial Training: Attacks and Defenses},
  author={Florian Tram{\`e}r and Alexey Kurakin and Nicolas Papernot and Dan Boneh and Patrick D. McDaniel},
  journal={CoRR},
  year={2017},
  volume={abs/1705.07204}
}

@inproceedings{Meng2017MagNetAT,
  title={MagNet: A Two-Pronged Defense against Adversarial Examples},
  author={Dongyu Meng and Hao Chen},
  booktitle={CCS},
  year={2017}
}


@article{Marcelja1980MathematicalDO,
  title={Mathematical description of the responses of simple cortical cells.},
  author={Stjepan Marc̆elja},
  journal={Journal of the Optical Society of America},
  year={1980},
  volume={70 11},
  pages={1297-300}
}

@inproceedings{VISUDonoho1994IdealSA,
  title={Ideal Spatial Adaptation by Wavelet Shrinkage},
  author={David L. Donoho and Iain Johnstone},
  year={1994}
}
@inproceedings{SUREDonoho1992AdaptingTU,
  title={Adapting to Unknown Smoothness via Wavelet Shrinkage},
  author={David L. Donoho and Iain Johnstone},
  year={1992}
}


@article{Rust2005SpatiotemporalEO,
  title={Spatiotemporal Elements of Macaque V1 Receptive Fields},
  author={Nicole C. Rust and Odelia Schwartz and J. Anthony Movshon and Eero P. Simoncelli},
  journal={Neuron},
  year={2005},
  volume={46},
  pages={945-956}
}

@article{Hubel1959ReceptiveFO,
  title={Receptive fields of single neurones in the cat's striate cortex.},
  author={David H. Hubel and Torsten N. Wiesel},
  journal={The Journal of physiology},
  year={1959},
  volume={148},
  pages={574-91}
}

@inproceedings{Simoncelli1999BayesianDO,
  title={Bayesian Denoising of Visual Images in the Wavelet Domain},
  author={Eero P. Simoncelli},
  year={1999}
}

@article{Su2017OnePA,
  title={One pixel attack for fooling deep neural networks},
  author={Jiawei Su and Danilo Vasconcellos Vargas and Kouichi Sakurai},
  journal={CoRR},
  year={2017},
  volume={abs/1710.08864}
}
@article{Getreuer2012RudinOsherFatemiTV,
  title={Rudin-Osher-Fatemi Total Variation Denoising using Split Bregman},
  author={Pascal Getreuer},
  journal={IPOL Journal},
  year={2012},
  volume={2},
  pages={74-95}
}

@inproceedings{Bottou1997GlobalTO,
  title={Global Training of Document Processing Systems Using Graph Transformer Networks},
  author={L{\'e}on Bottou and Yoshua Bengio and Yann LeCun},
  booktitle={CVPR},
  year={1997}
}

@article{akhtar2017defense,
  title={Defense against Universal Adversarial Perturbations},
  author={Akhtar, Naveed and Liu, Jian and Mian, Ajmal},
  journal={arXiv preprint arXiv:1711.05929},
  year={2017}
}

@inproceedings{Arjovsky2016UnitaryER,
  title={Unitary Evolution Recurrent Neural Networks},
  author={Mart{\'i}n Arjovsky and Amar Shah and Yoshua Bengio},
  booktitle={ICML},
  year={2016}
}
@inproceedings{Han2016DSDDT,
  title={DSD: Dense-Sparse-Dense Training for Deep Neural Networks},
  author={Song Han and Jeff Pool and Sharan Narang and Huizi Mao and Enhao Gong and Shijian Tang and Erich Elsen and Peter Vajda and Manohar Paluri and John Tran and Bryan Catanzaro and William J. Dally},
  year={2016}
}

@article{Hinton2015DistillingTK,
  title={Distilling the Knowledge in a Neural Network},
  author={Geoffrey E. Hinton and Oriol Vinyals and Jeffrey Dean},
  journal={CoRR},
  year={2015},
  volume={abs/1503.02531}
}
@article{Srivastava2014DropoutAS,
  title={Dropout: a simple way to prevent neural networks from overfitting},
  author={Nitish Srivastava and Geoffrey E. Hinton and Alex Krizhevsky and Ilya Sutskever and Ruslan Salakhutdinov},
  journal={Journal of Machine Learning Research},
  year={2014},
  volume={15},
  pages={1929-1958}
}
@inproceedings{Huang2016DeepNW,
  title={Deep Networks with Stochastic Depth},
  author={Gao Huang and Yu Sun and Zhuang Liu and Daniel Sedra and Kilian Q. Weinberger},
  booktitle={ECCV},
  year={2016}
}

@article{He2017ChannelPF,
  title={Channel Pruning for Accelerating Very Deep Neural Networks},
  author={Yihui He and Xiangyu Zhang and Jian Sun},
  journal={2017 IEEE International Conference on Computer Vision (ICCV)},
  year={2017},
  pages={1398-1406}
}

@article{Romero2014FitNetsHF,
  title={FitNets: Hints for Thin Deep Nets},
  author={Adriana Romero and Nicolas Ballas and Samira Ebrahimi Kahou and Antoine Chassang and Carlo Gatta and Yoshua Bengio},
  journal={ICLR},
  year={2015},
  volume={abs/1412.6550}
}

@article{Luo2017ThiNetAF,
  title={ThiNet: A Filter Level Pruning Method for Deep Neural Network Compression},
  author={Jian-Hao Luo and Jianxin Wu and Weiyao Lin},
  journal={2017 IEEE International Conference on Computer Vision (ICCV)},
  year={2017},
  pages={5068-5076}
}

@article{Wu2015TowardsDT,
  title={Towards Dropout Training for Convolutional Neural Networks},
  author={Haibing Wu and Xiaodong Gu},
  journal={Neural networks : the official journal of the International Neural Network Society},
  year={2015},
  volume={71},
  pages={1-10}
}


@article{Zoph2016NeuralAS,
  title={Neural Architecture Search with Reinforcement Learning},
  author={Barret Zoph and Quoc V. Le},
  journal={CoRR},
  year={2016},
  volume={abs/1611.01578}
}

@article{Liu2017ProgressiveNA,
  title={Progressive Neural Architecture Search},
  author={Chenxi Liu and Barret Zoph and Jonathon Shlens and Wei Hua and Li-Jia Li and Li Fei-Fei and Alan L. Yuille and Jonathan Huang and Kevin Murphy},
  journal={CoRR},
  year={2017},
  volume={abs/1712.00559}
}
@article{Real2018RegularizedEF,
  title={Regularized Evolution for Image Classifier Architecture Search},
  author={Esteban Real and Alok Aggarwal and Yanping Huang and Quoc V. Le},
  journal={CoRR},
  year={2018},
  volume={abs/1802.01548}
}

@inproceedings{Chen2017TrainingGO,
  title={Training Group Orthogonal Neural Networks with Privileged Information},
  author={Yunpeng Chen and Xiaojie Jin and Jiashi Feng and Shuicheng Yan},
  booktitle={IJCAI},
  year={2017}
}

@inproceedings{Furlanello2018BornAN,
  title={Born Again Neural Networks},
  author={Tommaso Furlanello and Zachary Chase Lipton and Michael Tschannen and Laurent Itti and Anima Anandkumar},
  booktitle={ICML},
  year={2018}
}

@inproceedings{LeCun1989OptimalBD,
  title={Optimal Brain Damage},
  author={Yann LeCun and John S. Denker and Sara A. Solla},
  booktitle={NIPS},
  year={1989}
}

@inproceedings{Hassibi1992SecondOD,
  title={Second Order Derivatives for Network Pruning: Optimal Brain Surgeon},
  author={Babak Hassibi and David G. Stork},
  booktitle={NIPS},
  year={1992}
}



@inproceedings{Raghu2017SVCCASV,
  title={SVCCA: Singular Vector Canonical Correlation Analysis for Deep Learning Dynamics and Interpretability},
  author={Maithra Raghu and Justin Gilmer and Jason Yosinski and Jascha Sohl-Dickstein},
  booktitle={NIPS},
  year={2017}
}

@inproceedings{Li2015ConvergentLD,
  title={Convergent Learning: Do different neural networks learn the same representations?},
  author={Yixuan Li and Jason Yosinski and Jeff Clune and Hod Lipson and John E. Hopcroft},
  booktitle={ICLR},
  year={2016}
}

@article{Huang2017DenselyCC,
  title={Densely Connected Convolutional Networks},
  author={Gao Huang and Zhuang Liu and Laurens van der Maaten and Kilian Q. Weinberger},
  journal={CVPR},
  year={2017},
  pages={2261-2269}
}

@article{reddi2018convergence,
  title={On the convergence of adam and beyond},
  author={Reddi, Sashank J and Kale, Satyen and Kumar, Sanjiv},
  journal={ICLR},
  year={2018}
}



@article{Saxe2013ExactST,
  title={Exact solutions to the nonlinear dynamics of learning in deep linear neural networks},
  author={Andrew M. Saxe and James L. McClelland and Surya Ganguli},
  journal={ICLR},
  year={2014},
  volume={abs/1312.6120}
}

@inproceedings{Vorontsov2017OnOA,
  title={On orthogonality and learning recurrent networks with long term dependencies},
  author={Eugene Vorontsov and Chiheb Trabelsi and Samuel Kadoury and Christopher Joseph Pal},
  booktitle={ICML},
  year={2017}
}


@inproceedings{Faruqui2014ImprovingVS,
  title={Improving Vector Space Word Representations Using Multilingual Correlation},
  author={Manaal Faruqui and Chris Dyer},
  booktitle={EACL},
  year={2014}
}
@article{Szegedy2016RethinkingTI,
  title={Rethinking the Inception Architecture for Computer Vision},
  author={Christian Szegedy and Vincent Vanhoucke and Sergey Ioffe and Jonathon Shlens and Zbigniew Wojna},
  journal={2016 IEEE Conference on Computer Vision and Pattern Recognition (CVPR)},
  year={2016},
  pages={2818-2826}
}
@article{Antol2015VQAVQ,
  title={VQA: Visual Question Answering},
  author={Stanislaw Antol and Aishwarya Agrawal and Jiasen Lu and Margaret Mitchell and Dhruv Batra and C. Lawrence Zitnick and Devi Parikh},
  journal={2015 IEEE International Conference on Computer Vision (ICCV)},
  year={2015},
  pages={2425-2433}
}
@article{Lin2017FeaturePN,
  title={Feature Pyramid Networks for Object Detection},
  author={Tsung-Yi Lin and Piotr Doll{\'a}r and Ross B. Girshick and Kaiming He and Bharath Hariharan and Serge J. Belongie},
  journal={2017 IEEE Conference on Computer Vision and Pattern Recognition (CVPR)},
  year={2017},
  pages={936-944}
}

@article{Russakovsky2015ImageNetLS,
  title={ImageNet Large Scale Visual Recognition Challenge},
  author={Olga Russakovsky and Jia Deng and Hao Su and Jonathan Krause and Sanjeev Satheesh and Sean Ma and Zhiheng Huang and Andrej Karpathy and Aditya Khosla and Michael S. Bernstein and Alexander C. Berg and Li Fei-Fei},
  journal={International Journal of Computer Vision},
  year={2015},
  volume={115},
  pages={211-252}
}

@article{Hardoon2004CanonicalCA,
  title={Canonical Correlation Analysis: An Overview with Application to Learning Methods},
  author={David R. Hardoon and S{\'a}ndor Szedm{\'a}k and John Shawe-Taylor},
  journal={Neural Computation},
  year={2004},
  volume={16},
  pages={2639-2664}
}

@article{hotelling1936relations,
  title={Relations between two sets of variates},
  author={Hotelling, Harold},
  journal={Biometrika},
  volume={28},
  number={3/4},
  pages={321--377},
  year={1936},
  publisher={JSTOR}
}

@article{Zhu2017ToPO,
  title={To prune, or not to prune: exploring the efficacy of pruning for model compression},
  author={Michael Zhu and Suyog Gupta},
  journal={NIPS Workshop on Machine Learning of Phones and other Consumer Devices},
  year={2017},
  volume={abs/1710.01878}
}

@article{Li2016PruningFF,
  title={Pruning Filters for Efficient ConvNets},
  author={Hao Li and Asim Kadav and Igor Durdanovic and Hanan Samet and Hans Peter Graf},
  journal={ICLR},
  year={2017},
  volume={abs/1608.08710}
}

@article{Molchanov2016PruningCN,
  title={Pruning Convolutional Neural Networks for Resource Efficient Transfer Learning},
  author={Pavlo Molchanov and Stephen Tyree and Tero Karras and Timo Aila and Jan Kautz},
  journal={ICLR},
  year={2017},
  volume={abs/1611.06440}
}

@misc{wu2016tensorpack,
  title={Tensorpack},
  author={Wu, Yuxin and others},
  howpublished={\url{https://github.com/tensorpack/}},
  year={2016}
}

@article{Smith2017CyclicalLR,
  title={Cyclical Learning Rates for Training Neural Networks},
  author={Leslie N. Smith},
  journal={2017 IEEE Winter Conference on Applications of Computer Vision (WACV)},
  year={2017},
  pages={464-472}
}

@article{Szegedy2015GoingDW,
  title={Going deeper with convolutions},
  author={Christian Szegedy and Wei Liu and Yangqing Jia and Pierre Sermanet and Scott E. Reed and Dragomir Anguelov and Dumitru Erhan and Vincent Vanhoucke and Andrew Rabinovich},
  journal={2015 IEEE Conference on Computer Vision and Pattern Recognition (CVPR)},
  year={2015},
  pages={1-9}
}
@article{Simonyan2014VeryDC,
  title={Very Deep Convolutional Networks for Large-Scale Image Recognition},
  author={Karen Simonyan and Andrew Zisserman},
  journal={CoRR},
  year={2014},
  volume={abs/1409.1556}
}

@article{Frankle2018TheLT,
  title={The Lottery Ticket Hypothesis: Training Pruned Neural Networks},
  author={Jonathan Frankle and Michael Carbin},
  journal={CoRR},
  year={2018},
  volume={abs/1803.03635}
}

@inproceedings{Jin2017HowTE,
  title={How to Escape Saddle Points Efficiently},
  author={Chi Jin and Rong Ge and Praneeth Netrapalli and Sham M. Kakade and Michael I. Jordan},
  booktitle={ICML},
  year={2017}
}

@inproceedings{Lin2014MicrosoftCC,
  title={Microsoft COCO: Common Objects in Context},
  author={Tsung-Yi Lin and Michael Maire and Serge J. Belongie and Lubomir D. Bourdev and Ross B. Girshick and James Hays and Pietro Perona and Deva Ramanan and Piotr Doll{\'a}r and C. Lawrence Zitnick},
  booktitle={ECCV},
  year={2014}
}


@article{Howard2017MobileNetsEC,
  title={MobileNets: Efficient Convolutional Neural Networks for Mobile Vision Applications},
  author={Andrew G. Howard and Menglong Zhu and Bo Chen and Dmitry Kalenichenko and Weijun Wang and Tobias Weyand and Marco Andreetto and Hartwig Adam},
  journal={CoRR},
  year={2017},
  volume={abs/1704.04861}
}

@article{Sandler2018InvertedRA,
  title={Inverted Residuals and Linear Bottlenecks: Mobile Networks for Classification, Detection and Segmentation},
  author={Mark Sandler and Andrew G. Howard and Menglong Zhu and Andrey Zhmoginov and Liang-Chieh Chen},
  journal={CoRR},
  year={2018},
  volume={abs/1801.04381}
}

@inproceedings{Wan2013RegularizationON,
  title={Regularization of Neural Networks using DropConnect},
  author={Li Wan and Matthew D. Zeiler and Sixin Zhang and Yann LeCun and Rob Fergus},
  booktitle={ICML},
  year={2013}
}


@inproceedings{Glorot2010UnderstandingTD,
  title={Understanding the difficulty of training deep feedforward neural networks},
  author={Xavier Glorot and Yoshua Bengio},
  booktitle={AISTATS},
  year={2010}
}

@article{Cogswell2015ReducingOI,
  title={Reducing Overfitting in Deep Networks by Decorrelating Representations},
  author={Michael Cogswell and Faruk Ahmed and Ross B. Girshick and C. Lawrence Zitnick and Dhruv Batra},
  journal={ICLR},
  year={2016},
  volume={abs/1511.06068}
}

@article{Morcos2017OnTI,
  title={On the importance of single directions for generalization},
  author={Ari S. Morcos and David G. T. Barrett and Neil C. Rabinowitz and Matthew Botvinick},
  journal={CoRR},
  year={2017},
  volume={abs/1803.06959}
}

@article{He2016DeepRL,
  title={Deep Residual Learning for Image Recognition},
  author={Kaiming He and Xiangyu Zhang and Shaoqing Ren and Jian Sun},
  journal={2016 IEEE Conference on Computer Vision and Pattern Recognition (CVPR)},
  year={2016},
  pages={770-778}
}

@article{He2017MaskR,
  title={Mask R-CNN},
  author={Kaiming He and Georgia Gkioxari and Piotr Doll{\'a}r and Ross B. Girshick},
  journal={2017 IEEE International Conference on Computer Vision (ICCV)},
  year={2017},
  pages={2980-2988}
}

@inproceedings{Ronneberger2015UNetCN,
  title={U-Net: Convolutional Networks for Biomedical Image Segmentation},
  author={Olaf Ronneberger and Philipp Fischer and Thomas Brox},
  booktitle={MICCAI},
  year={2015}
}

@article{Redmon2016YouOL,
  title={You Only Look Once: Unified, Real-Time Object Detection},
  author={Joseph Redmon and Santosh Kumar Divvala and Ross B. Girshick and Ali Farhadi},
  journal={2016 IEEE Conference on Computer Vision and Pattern Recognition (CVPR)},
  year={2016},
  pages={779-788}
}

@article{Lin2018FocalLF,
  title={Focal Loss for Dense Object Detection},
  author={Tsung-Yi Lin and Priya Goyal and Ross B. Girshick and Kaiming He and Piotr Doll{\'a}r},
  journal={IEEE transactions on pattern analysis and machine intelligence},
  year={2018}
}

@article{Hu2016NetworkTA,
  title={Network Trimming: A Data-Driven Neuron Pruning Approach towards Efficient Deep Architectures},
  author={Hengyuan Hu and Rui Peng and Yu-Wing Tai and Chi-Keung Tang},
  journal={CoRR},
  year={2016},
  volume={abs/1607.03250}
}

@inproceedings{Shang2016UnderstandingAI,
  title={Understanding and Improving Convolutional Neural Networks via Concatenated Rectified Linear Units},
  author={Wenling Shang and Kihyuk Sohn and Diogo Almeida and Honglak Lee},
  booktitle={ICML},
  year={2016}
}

@article{Han2015DeepCC,
  title={Deep Compression: Compressing Deep Neural Network with Pruning, Trained Quantization and Huffman Coding},
  author={Song Han and Huizi Mao and William J. Dally},
  journal={ICLR},
  year={2016},
  volume={abs/1510.00149}
}

@article{Anwar2017StructuredPO,
  title={Structured Pruning of Deep Convolutional Neural Networks},
  author={Sajid Anwar and Kyuyeon Hwang and Wonyong Sung},
  journal={JETC},
  year={2017},
  volume={13},
  pages={32:1-32:18}
}

@article{Rodrguez2016RegularizingCW,
  title={Regularizing CNNs with Locally Constrained Decorrelations},
  author={Pau Rodr{\'i}guez and Jordi Gonz{\`a}lez and Guillem Cucurull and Josep M. Gonfaus and F. Xavier Roca},
  journal={ICLR},
  year={2017},
  volume={abs/1611.01967}
}

@inproceedings{Arora2014ProvableBF,
  title={Provable Bounds for Learning Some Deep Representations},
  author={Sanjeev Arora and Aditya Bhaskara and Rong Ge and Tengyu Ma},
  booktitle={ICML},
  year={2014}
}

@inproceedings{Xie2017NearOrthogonalityRI,
  title={Near-Orthogonality Regularization in Kernel Methods},
  author={Pengtao Xie and Barnab{\'a}s P{\'o}czos and Eric P. Xing},
  booktitle={UAI},
  year={2017}
}

@article{Poole2014AnalyzingNI,
  title={Analyzing noise in autoencoders and deep networks},
  author={Ben Poole and Jascha Sohl-Dickstein and Surya Ganguli},
  journal={NIPS Workshop on Deep Learning},
  year={2013},
  volume={abs/1406.1831}
}

@article{Brock2016NeuralPE,
  title={Neural Photo Editing with Introspective Adversarial Networks},
  author={Andrew Brock and Theodore Lim and James M. Ritchie and Nick Weston},
  journal={ICLR},
  year={2017},
  volume={abs/1609.07093}
}

@article{Xie2017AllYN,
  title={All You Need is Beyond a Good Init: Exploring Better Solution for Training Extremely Deep Convolutional Neural Networks with Orthonormality and Modulation},
  author={Di Xie and Jiang Xiong and Shiliang Pu},
  journal={2017 IEEE Conference on Computer Vision and Pattern Recognition (CVPR)},
  year={2017},
  pages={5075-5084}
}

@inproceedings{Xiao2018DynamicalIA,
  title={Dynamical Isometry and a Mean Field Theory of CNNs: How to Train 10,000-Layer Vanilla Convolutional Neural Networks},
  author={Lechao Xiao and Yasaman Bahri and Jascha Sohl-Dickstein and Samuel S. Schoenholz and Jeffrey Pennington},
  booktitle={ICML},
  year={2018}
}

@article{Liu2017LearningEC,
  title={Learning Efficient Convolutional Networks through Network Slimming},
  author={Zhuang Liu and Jianguo Li and Zhiqiang Shen and Gao Huang and Shoumeng Yan and Changshui Zhang},
  journal={2017 IEEE International Conference on Computer Vision (ICCV)},
  year={2017},
  pages={2755-2763}
}

@article{Kingma2014AdamAM,
  title={Adam: A Method for Stochastic Optimization},
  author={Diederik P. Kingma and Jimmy Ba},
  journal={ICLR},
  year={2015},
  volume={abs/1412.6980}
}

@misc{Tieleman2012,
  title={{Lecture 6.5---RmsProp: Divide the gradient by a running average of its recent magnitude}},
  author={Tieleman, T. and Hinton, G.},
  howpublished={COURSERA: Neural Networks for Machine Learning},
  year={2012}
}

@inproceedings{He2016IdentityMI,
  title={Identity Mappings in Deep Residual Networks},
  author={Kaiming He and Xiangyu Zhang and Shaoqing Ren and Jian Sun},
  booktitle={ECCV},
  year={2016}
}

@inproceedings{Ioffe2015BatchNA,
  title={Batch Normalization: Accelerating Deep Network Training by Reducing Internal Covariate Shift},
  author={Sergey Ioffe and Christian Szegedy},
  booktitle={ICML},
  year={2015}
}

@article{Dai2017NeSTAN,
  title={NeST: A Neural Network Synthesis Tool Based on a Grow-and-Prune Paradigm},
  author={Xiaoliang Dai and Hongxu Yin and Niraj K. Jha},
  journal={CoRR},
  year={2017},
  volume={abs/1711.02017}
}

@inproceedings{Han2015LearningBW,
  title={Learning both Weights and Connections for Efficient Neural Networks},
  author={Song Han and Jeff Pool and John Tran and William J. Dally},
  booktitle={NIPS},
  year={2015}
}

@inproceedings{Raghu2017OnTE,
  title={On the expressive power of deep neural networks},
  author={Maithra Raghu and Ben Poole and Jon M. Kleinberg and Surya Ganguli and Jascha Sohl-Dickstein},
  booktitle={ICML},
  year={2017}
}
