
@article{xxx_ginesu2012objective,
  author =        {Ginesu, Giaime and Pintus, Maurizio and
                   Giusto, Daniele D},
  journal =       {Signal Processing Image Communication},
  number =        {8},
  publisher =     {Elsevier},
  title =         {Objective assessment of the WebP image coding
                   algorithm},
  volume =        {27},
  year =          {2012},
}

@article{xxx_toderici2016full,
  author =        {Toderici, George and Vincent, Damien and
                   Johnston, Nick and Hwang, Sung Jin and Minnen, David and
                   Shor, Joel and Covell, Michele},
  journal =       {arXiv preprint arXiv1608.05148},
  title =         {Full Resolution Image Compression with Recurrent
                   Neural Networks},
  year =          {2016},
}

@inproceedings{xxx_chandra1999jpegcompressionme,
  author =        {Chandra, Surendar and Ellis, Carla Schlatter},
  booktitle =     {2nd USENIX Symposium on Internet Technologies and
                   Systems (USITS99)},
  title =         {JPEG compression metric as a quality aware image
                   transcoding},
  year =          {1999},
}

@inproceedings{xxx_konstantinides1998method,
  author =        {Konstantinides, Konstantinos and Tretter, Daniel},
  booktitle =     {Image Processing, 1998. ICIP 98. Proceedings. 1998
                   International Conference on},
  organization =  {IEEE},
  title =         {A method for variable quantization in JPEG for
                   improved text quality in compound documents},
  volume =        {2},
  year =          {1998},
}

@inproceedings{xxx_memon2000method,
  author =        {Memon, Nasir D and Tretter, Daniel R},
  booktitle =     {Electronic Imaging},
  organization =  {International Society for Optics and Photonics},
  title =         {Method for variable quantization in JPEG for improved
                   perceptual quality},
  year =          {2000},
}

@article{xxx_tan1996classified,
  author =        {Tan, Soon Hie and Pang, Khee K and Ngan, King N},
  journal =       {IEEE transactions on circuits and systems for video
                   technology},
  number =        {4},
  publisher =     {IEEE},
  title =         {Classified perceptual coding with adaptive
                   quantization},
  volume =        {6},
  year =          {1996},
}

@inproceedings{xxx_xiang2014adaptive,
  author =        {Xiang, Guoqing and Xie, Xiaodong and Jia, Huizhu and
                   Huang, Xiaofeng and Liu, Jie and Wei, Kaijin and
                   Bai, Yuanchao and Liao, Pei and Gao, Wen},
  booktitle =     {Pacific Rim Conference on Multimedia},
  organization =  {Springer},
  title =         {An Adaptive Perceptual Quantization Algorithm Based
                   on Block-Level JND for Video Coding},
  year =          {2014},
}

@inproceedings{xxx_klein1992relevance,
  author =        {Klein, Stanley A and Silverstein, D Amnon and
                   Carney, Thom},
  booktitle =     {SPIE/IS\&T 1992 Symposium on Electronic Imaging
                   Science and Technology},
  organization =  {International Society for Optics and Photonics},
  title =         {Relevance of human vision to JPEG-DCT compression},
  year =          {1992},
}

@article{xxx_ssim,
  author =        {Wang, Zhou and Bovik, Alan C and Sheikh, Hamid R and
                   Simoncelli, Eero P},
  journal =       {IEEE transactions on image processing},
  number =        {4},
  publisher =     {IEEE},
  title =         {Image quality assessment from error visibility to
                   structural similarity},
  volume =        {13},
  year =          {2004},
}

@inproceedings{xxx_msssim,
  author =        {Wang, Zhou and Simoncelli, Eero P and Bovik, Alan C},
  booktitle =     {Signals, Systems and Computers, 2004. Conference
                   Record of the Thirty-Seventh Asilomar Conference on},
  organization =  {Ieee},
  title =         {Multiscale structural similarity for image quality
                   assessment},
  volume =        {2},
  year =          {2003},
}

@article{xxx_vifp,
  author =        {Sheikh, Hamid R and Bovik, Alan C},
  journal =       {IEEE Transactions on Image Processing},
  number =        {2},
  publisher =     {IEEE},
  title =         {Image information and visual quality},
  volume =        {15},
  year =          {2006},
}

@inproceedings{xxx_psnrhvs,
  author =        {Egiazarian, Karen and Astola, Jaakko and
                   Ponomarenko, Nikolay and Lukin, Vladimir and
                   Battisti, Federica and Carli, Marco},
  booktitle =     {CD-ROM proceedings of the second international
                   workshop on video processing and quality metrics,
                   Scottsdale, USA},
  title =         {New full-reference quality metrics based on HVS},
  volume =        {4},
  year =          {2006},
}

@inproceedings{xxx_psnrhvsm,
  author =        {Ponomarenko, Nikolay and Silvestri, Flavia and
                   Egiazarian, Karen and Carli, Marco and Astola, Jaakko and
                   Lukin, Vladimir},
  booktitle =     {Proceedings of the third international workshop on
                   video processing and quality metrics},
  title =         {On between-coefficient contrast masking of DCT basis
                   functions},
  volume =        {4},
  year =          {2007},
}

@inproceedings{xxx_kerofsky2015perceptual,
  author =        {Kerofsky, Louis and Vanam, Rahul and Reznik, Yuriy},
  booktitle =     {Proc. Ninth International Workshop on Video
                   Processing and Quality Metrics (VPQM)},
  title =         {Perceptual adaptation of Objective video quality
                   metrics},
  year =          {2015},
}

@inproceedings{xxx_he2015deep,
  author =        {He, Kaiming and Zhang, Xiangyu and Ren, Shaoqing and
                   Sun, Jian},
  booktitle =     {The IEEE Conference on Computer Vision and Pattern
                   Recognition (CVPR)},
  title =         {Deep Residual Learning for Image Recognition},
  year =          {2016},
}

@inproceedings{xxx_krizhevsky2012imagenet,
  author =        {Krizhevsky, Alex and Sutskever, Ilya and
                   Hinton, Geoffrey E},
  booktitle =     {Advances in neural information processing systems},
  title =         {Imagenet classification with deep convolutional
                   neural networks},
  year =          {2012},
}

@inproceedings{xxx_zeiler2014visualizing,
  author =        {Zeiler, Matthew D and Fergus, Rob},
  booktitle =     {European Conference on Computer Vision},
  organization =  {Springer},
  title =         {Visualizing and understanding convolutional networks},
  year =          {2014},
}

@inproceedings{xxx_girshick2014rich,
  author =        {Girshick, Ross and Donahue, Jeff and Darrell, Trevor and
                   Malik, Jitendra},
  booktitle =     {Proceedings of the IEEE conference on computer vision
                   and pattern recognition},
  title =         {Rich feature hierarchies for accurate object
                   detection and semantic segmentation},
  year =          {2014},
}

@inproceedings{xxx_jiang2015salicon,
  author =        {Jiang, Ming and Huang, Shengsheng and Duan, Juanyong and
                   Zhao, Qi},
  booktitle =     {2015 IEEE Conference on Computer Vision and Pattern
                   Recognition (CVPR)},
  organization =  {IEEE},
  title =         {SALICON Saliency in context},
  year =          {2015},
}

@article{xxx_kummerer2014deep,
  author =        {K{\'u}mmerer, Matthias and Theis, Lucas and
                   Bethge, Matthias},
  journal =       {arXiv preprint arXiv1411.1045},
  title =         {Deep gaze i Boosting saliency prediction with
                   feature maps trained on imagenet},
  year =          {2014},
}

@article{xxx_dai2016r,
  author =        {Dai, Jifeng and Li, Yi and He, Kaiming and Sun, Jian},
  journal =       {arXiv preprint arXiv1605.06409},
  title =         {R-FCN Object Detection via Region-based Fully
                   Convolutional Networks},
  year =          {2016},
}

@inproceedings{xxx_mnih2014recurrent,
  author =        {Mnih, Volodymyr and Heess, Nicolas and Graves, Alex and
                   others},
  booktitle =     {Advances in Neural Information Processing Systems},
  title =         {Recurrent models of visual attention},
  year =          {2014},
}

@inproceedings{xxx_zund2013content,
  author =        {Z{\"u}nd, Fabio and Pritch, Yael and
                   Sorkine-Hornung, Alexander and Mangold, Stefan and
                   Gross, Thomas},
  booktitle =     {2013 IEEE International Conference on Image
                   Processing},
  organization =  {IEEE},
  title =         {Content-aware compression using saliency-driven image
                   retargeting},
  year =          {2013},
}

@inproceedings{xxx_stella2009image,
  author =        {Stella, X Yu and Lisin, Dimitri A},
  booktitle =     {International Symposium on Visual Computing},
  organization =  {Springer},
  title =         {Image compression based on visual saliency at
                   individual scales},
  year =          {2009},
}

@inproceedings{xxx_liu2015predicting,
  author =        {Liu, Nian and Han, Junwei and Zhang, Dingwen and
                   Wen, Shifeng and Liu, Tianming},
  booktitle =     {Proceedings of the IEEE Conference on Computer Vision
                   and Pattern Recognition},
  title =         {Predicting eye fixations using convolutional neural
                   networks},
  year =          {2015},
}

@misc{xxx_reznik2013coding,
  author =        {Reznik, Yuriy and Hamsici, Onur C and
                   Vaddadi, Sundeep and Hong, John H and Lee, Chong U},
  note =          {US Patent 8,571,306},
  publisher =     {Google Patents},
  title =         {Coding of feature location information},
  year =          {2013},
}

@inproceedings{xxx_richter2009ms,
  author =        {Richter, Thomas and Kim, Kil Joong},
  booktitle =     {2009 Data Compression Conference},
  organization =  {IEEE},
  title =         {A ms-ssim optimal jpeg 2000 encoder},
  year =          {2009},
}

@inproceedings{xxx_richter2011ssim,
  author =        {Richter, Thomas},
  booktitle =     {Quality of Multimedia Experience (QoMEX), 2011 Third
                   International Workshop on},
  organization =  {IEEE},
  title =         {SSIM as global quality metric a differential
                   geometry view},
  year =          {2011},
}

@article{xxx_lecun1995convolutional,
  author =        {LeCun, Yann and Bengio, Yoshua},
  journal =       {The handbook of brain theory and neural networks},
  number =        {10},
  title =         {Convolutional networks for images, speech, and time
                   series},
  volume =        {3361},
  year =          {1995},
}

@inproceedings{xxx_girshick2015fast,
  author =        {Girshick, Ross},
  booktitle =     {Proceedings of the IEEE International Conference on
                   Computer Vision},
  title =         {Fast r-cnn},
  year =          {2015},
}

@inproceedings{xxx_ren2015faster,
  author =        {Ren, Shaoqing and He, Kaiming and Girshick, Ross and
                   Sun, Jian},
  booktitle =     {Advances in neural information processing systems},
  title =         {Faster R-CNN Towards real-time object detection with
                   region proposal networks},
  year =          {2015},
}

@inproceedings{xxx_long2015fully,
  author =        {Long, Jonathan and Shelhamer, Evan and
                   Darrell, Trevor},
  booktitle =     {Proceedings of the IEEE Conference on Computer Vision
                   and Pattern Recognition},
  title =         {Fully convolutional networks for semantic
                   segmentation},
  year =          {2015},
}

@inproceedings{xxx_zheng2015conditional,
  author =        {Zheng, Shuai and Jayasumana, Sadeep and
                   Romera-Paredes, Bernardino and Vineet, Vibhav and
                   Su, Zhizhong and Du, Dalong and Huang, Chang and
                   Torr, Philip HS},
  booktitle =     {Proceedings of the IEEE International Conference on
                   Computer Vision},
  title =         {Conditional random fields as recurrent neural
                   networks},
  year =          {2015},
}

@article{xxx_everingham2010pascal,
  author =        {Everingham, Mark and Van Gool, Luc and
                   Williams, Christopher KI and Winn, John and
                   Zisserman, Andrew},
  journal =       {International journal of computer vision},
  number =        {2},
  publisher =     {Springer},
  title =         {The pascal visual object classes (voc) challenge},
  volume =        {88},
  year =          {2010},
}

@inproceedings{xxx_oquab2015object,
  author =        {Oquab, Maxime and Bottou, L{\'e}on and Laptev, Ivan and
                   Sivic, Josef},
  booktitle =     {Proceedings of the IEEE Conference on Computer Vision
                   and Pattern Recognition},
  title =         {Is object localization for free?-weakly-supervised
                   learning with convolutional neural networks},
  year =          {2015},
}

@inproceedings{xxx_zhou2015learning,
  author =        {Zhou, Bolei and Khosla, Aditya and Lapedriza, Agata and
                   Oliva, Aude and Torralba, Antonio},
  booktitle =     {The IEEE Conference on Computer Vision and Pattern
                   Recognition (CVPR)},
  title =         {Learning Deep Features for Discriminative
                   Localization},
  year =          {2016},
}

@article{xxx_simonyan2014very,
  author =        {Simonyan, Karen and Zisserman, Andrew},
  journal =       {arXiv preprint arXiv1409.1556},
  title =         {Very deep convolutional networks for large-scale
                   image recognition},
  year =          {2014},
}

@inproceedings{xxx_li2015beyond,
  author =        {Li, Chi and Reiter, Austin and Hager, Gregory D},
  booktitle =     {Proceedings of the IEEE Conference on Computer Vision
                   and Pattern Recognition},
  title =         {Beyond spatial pooling fine-grained representation
                   learning in multiple domains},
  year =          {2015},
}

@article{xxx_griffin2007caltech,
  author =        {Griffin, Gregory and Holub, Alex and Perona, Pietro},
  publisher =     {California Institute of Technology},
  title =         {Caltech-256 object category dataset},
  year =          {2007},
}

@inproceedings{xxx_imagenet_cvpr09,
  author =        {Deng, J. and Dong, W. and Socher, R. and Li, L.-J. and
                   Li, K. and Fei-Fei, L.},
  booktitle =     {CVPR09},
  title =         {{ImageNet A Large-Scale Hierarchical Image
                   Database}},
  year =          {2009},
}

@article{He2016DeepRL,
  author =        {Kaiming He and Xiangyu Zhang and Shaoqing Ren and
                   Jian Sun},
  journal =       {CVPR},
  title =         {Deep Residual Learning for Image Recognition},
  year =          {2016},
}

@article{bojarski2016end,
  author =        {Bojarski, Mariusz and Del Testa, Davide and
                   Dworakowski, Daniel and Firner, Bernhard and
                   Flepp, Beat and Goyal, Prasoon and Jackel, Lawrence D and
                   Monfort, Mathew and Muller, Urs and Zhang, Jiakai and
                   others},
  journal =       {arXiv preprint arXiv1604.07316},
  title =         {End to End Learning for Self-Driving Cars},
  year =          {2016},
}

@inproceedings{pascanu2015malware,
  author =        {Pascanu, Razvan and Stokes, Jack W and
                   Sanossian, Hermineh and Marinescu, Mady and
                   Thomas, Anil},
  booktitle =     {Acoustics, Speech and Signal Processing (ICASSP),
                   2015},
  organization =  {IEEE},
  title =         {Malware classification with recurrent networks},
  year =          {2015},
}

@article{Goodfellow2014ExplainingAH,
  author =        {Ian J. Goodfellow and Jonathon Shlens and
                   Christian Szegedy},
  journal =       {CoRR},
  title =         {Explaining and Harnessing Adversarial Examples},
  volume =        {abs/1412.6572},
  year =          {2014},
}

@article{Das2017KeepingTB,
  author =        {Nilaksh Das and Madhuri Shanbhogue and Shang-Tse Chen and
                   Fred Hohman and Li Chen and Michael E. Kounavis and
                   Duen Horng Chau},
  journal =       {CoRR},
  title =         {Keeping the Bad Guys Out Protecting and Vaccinating
                   Deep Learning with {JPEG} Compression},
  volume =        {abs/1705.02900},
  year =          {2017},
}

@article{Dziugaite2016ASO,
  author =        {Gintare Karolina Dziugaite and Zoubin Ghahramani and
                   Daniel M. Roy},
  journal =       {CoRR},
  title =         {A study of the effect of {JPG} compression on
                   adversarial images},
  volume =        {abs/1608.00853},
  year =          {2016},
}

@article{Papernot2016DistillationAA,
  author =        {Nicolas Papernot and Patrick D. McDaniel and Xi Wu and
                   Somesh Jha and Ananthram Swami},
  journal =       {SSP},
  title =         {Distillation as a Defense to Adversarial
                   Perturbations Against Deep Neural Networks},
  year =          {2016},
}

@inproceedings{Miyato2015DistributionalSW,
  author =        {Takeru Miyato and Shin-ichi Maeda and Masanori Koyama and
                   Ken Nakae and Shin Ishii},
  title =         {Distributional Smoothing with Virtual Adversarial
                   Training},
  year =          {2015},
}

@article{Prakash2017SemanticPI,
  author =        {Aaditya Prakash and Nick Moran and Solomon Garber and
                   Antonella DiLillo and James Storer},
  journal =       {2017 Data Compression Conference (DCC)},
  title =         {Semantic Perceptual Image Compression Using Deep
                   Convolution Networks},
  year =          {2017},
}

@article{Papernot2016PracticalBA,
  author =        {Nicolas Papernot and Patrick D. McDaniel and
                   Ian J. Goodfellow and Somesh Jha and Z. Berkay Celik and
                   Ananthram Swami},
  journal =       {CoRR},
  title =         {Practical Black-Box Attacks against Deep Learning
                   Systems using Adversarial Examples},
  volume =        {abs/1602.02697},
  year =          {2016},
}

@article{Kurakin2016AdversarialEI,
  author =        {Alexey Kurakin and Ian J. Goodfellow and Samy Bengio},
  journal =       {CoRR},
  title =         {Adversarial examples in the physical world},
  volume =        {abs/1607.02533},
  year =          {2016},
}

@article{MoosaviDezfooli2016DeepFoolAS,
  author =        {Seyed-Mohsen Moosavi-Dezfooli and Alhussein Fawzi and
                   Pascal Frossard},
  journal =       {2016 IEEE Conference on Computer Vision and Pattern
                   Recognition (CVPR)},
  pages =         {2574-2582},
  title =         {DeepFool A Simple and Accurate Method to Fool Deep
                   Neural Networks},
  year =          {2016},
}

@article{Carlini2017TowardsET,
  author =        {Nicholas Carlini and David A. Wagner},
  journal =       {SSP},
  title =         {Towards Evaluating the Robustness of Neural Networks},
  year =          {2017},
}

@article{Szegedy2013IntriguingPO,
  author =        {Christian Szegedy and Wojciech Zaremba and
                   Ilya Sutskever and Joan Bruna and Dumitru Erhan and
                   Ian J. Goodfellow and Rob Fergus},
  journal =       {CoRR},
  title =         {Intriguing properties of neural networks},
  volume =        {abs/1312.6199},
  year =          {2013},
}

@article{Tramr2017TheSO,
  author =        {Florian Tram{\`e}r and Nicolas Papernot and
                   Ian J. Goodfellow and Dan Boneh and
                   Patrick D. McDaniel},
  journal =       {CoRR},
  title =         {The Space of Transferable Adversarial Examples},
  volume =        {abs/1704.03453},
  year =          {2017},
}

@article{Liu2016DelvingIT,
  author =        {Yanpei Liu and Xinyun Chen and Chang Liu and
                   Dawn Xiaodong Song},
  journal =       {CoRR},
  title =         {Delving into Transferable Adversarial Examples and
                   Black-box Attacks},
  volume =        {abs/1611.02770},
  year =          {2016},
}

@article{liang2017detecting,
  author =        {Liang, Bin and Li, Hongcheng and Su, Miaoqiang and
                   Li, Xirong and Shi, Wenchang and Wang, Xiaofeng},
  journal =       {arXiv preprint},
  title =         {Detecting Adversarial Examples in Deep Networks with
                   Adaptive Noise Reduction},
  year =          {2017},
}

@article{aadityaprakash2018,
  author =        {Prakash, Aaditya and Moran, Nick and Garber, Solomon and
                   DiLillo, Antonella and Storer, James},
  journal =       {arXiv preprint arXiv1801.08926},
  title =         {Deflecting Adversarial Attacks with Pixel Deflection},
  year =          {2018},
}

@article{guo2017countering,
  author =        {Guo, Chuan and Rana, Mayank and Ciss{\'e}, Moustapha and
                   van der Maaten, Laurens},
  journal =       {arXiv preprint},
  title =         {Countering Adversarial Images using Input
                   Transformations},
  year =          {2017},
}

@article{Erhan2014ScalableOD,
  author =        {Dumitru Erhan and Christian Szegedy and
                   Alexander Toshev and Dragomir Anguelov},
  journal =       {CVPR},
  title =         {Scalable Object Detection Using Deep Neural Networks},
  year =          {2014},
}

@inproceedings{Zhao_2015_CVPR,
  author =        {Zhao, Rui and Ouyang, Wanli and Li, Hongsheng and
                   Wang, Xiaogang},
  booktitle =     {CVPR},
  title =         {Saliency Detection by Multi-Context Deep Learning},
  year =          {2015},
}

@article{wang2004image,
  author =        {Wang, Zhou and Bovik, Alan C and Sheikh, Hamid R and
                   Simoncelli, Eero P},
  journal =       {IEEE transactions on image processing},
  number =        {4},
  pages =         {600--612},
  publisher =     {IEEE},
  title =         {Image quality assessment from error visibility to
                   structural similarity},
  volume =        {13},
  year =          {2004},
}

@inproceedings{Bottou1997GlobalTO,
  author =        {L{\'e}on Bottou and Yoshua Bengio and Yann LeCun},
  booktitle =     {CVPR},
  title =         {Global Training of Document Processing Systems Using
                   Graph Transformer Networks},
  year =          {1997},
}

@inproceedings{papernot2016limitations,
  author =        {Papernot, Nicolas and McDaniel, Patrick and
                   Jha, Somesh and Fredrikson, Matt and Celik, Z Berkay and
                   Swami, Ananthram},
  booktitle =     {Security and Privacy (EuroS\&P), 2016 IEEE European
                   Symposium on},
  organization =  {IEEE},
  title =         {The limitations of deep learning in adversarial
                   settings},
  year =          {2016},
}

@article{Madry2017TowardsDL,
  author =        {Aleksander Madry and Aleksandar Makelov and
                   Ludwig Schmidt and Dimitris Tsipras and Adrian Vladu},
  journal =       {CoRR},
  title =         {Towards Deep Learning Models Resistant to Adversarial
                   Attacks},
  volume =        {abs/1706.06083},
  year =          {2017},
}

@article{Su2017OnePA,
  author =        {Jiawei Su and Danilo Vasconcellos Vargas and
                   Kouichi Sakurai},
  journal =       {CoRR},
  title =         {One pixel attack for fooling deep neural networks},
  volume =        {abs/1710.08864},
  year =          {2017},
}

@article{Tramr2017EnsembleAT,
  author =        {Florian Tram{\`e}r and Alexey Kurakin and
                   Nicolas Papernot and Dan Boneh and
                   Patrick D. McDaniel},
  journal =       {CoRR},
  title =         {Ensemble Adversarial Training Attacks and Defenses},
  volume =        {abs/1705.07204},
  year =          {2017},
}

@inproceedings{Meng2017MagNetAT,
  author =        {Dongyu Meng and Hao Chen},
  booktitle =     {CCS},
  title =         {MagNet A Two-Pronged Defense against Adversarial
                   Examples},
  year =          {2017},
}

@article{akhtar2017defense,
  author =        {Akhtar, Naveed and Liu, Jian and Mian, Ajmal},
  journal =       {arXiv preprint arXiv1711.05929},
  title =         {Defense against Universal Adversarial Perturbations},
  year =          {2017},
}

@inproceedings{CounteringAIGuo17,
  author =        {Chuan Guo and Mayank Rana and Moustapha Ciss{\'e} and
                   Laurens van der Maaten},
  title =         {Countering Adversarial Images using Input
                   Transformations},
  year =          {2017},
}

@article{Getreuer2012RudinOsherFatemiTV,
  author =        {Pascal Getreuer},
  journal =       {IPOL Journal},
  pages =         {74-95},
  title =         {Rudin-Osher-Fatemi Total Variation Denoising using
                   Split Bregman},
  volume =        {2},
  year =          {2012},
}

@article{FoveationbasedMALuo2015,
  author =        {Yan Luo and Xavier Boix and Gemma Roig and
                   Tomaso A. Poggio and Qi Zhao},
  journal =       {CoRR},
  title =         {Foveation-based Mechanisms Alleviate Adversarial
                   Examples},
  volume =        {abs/1511.06292},
  year =          {2015},
}

@inproceedings{MitigatingAnon208,
  author =        {Xie, Cihang and Wang, Jianyu and Zhang, Zhishuai and
                   Ren, Zhou and Yuille, Alan},
  booktitle =     {International Conference on Learning Representations},
  title =         {Mitigating Adversarial Effects Through Randomization},
  year =          {2018},
}

@article{EasilyFNguyen2015DeepNN,
  author =        {Anh Mai Nguyen and Jason Yosinski and Jeff Clune},
  journal =       {2015 IEEE Conference on Computer Vision and Pattern
                   Recognition (CVPR)},
  pages =         {427-436},
  title =         {Deep neural networks are easily fooled High
                   confidence predictions for unrecognizable images},
  year =          {2015},
}

@article{IntriguingSzegedy2013,
  author =        {Christian Szegedy and Wojciech Zaremba and
                   Ilya Sutskever and Joan Bruna and Dumitru Erhan and
                   Ian J. Goodfellow and Rob Fergus},
  journal =       {CoRR},
  title =         {Intriguing properties of neural networks},
  volume =        {abs/1312.6199},
  year =          {2013},
}

@article{DirtyPODiamond2017,
  author =        {Steven Diamond and Vincent Sitzmann and
                   Stephen P. Boyd and Gordon Wetzstein and Felix Heide},
  journal =       {CoRR},
  title =         {Dirty Pixels Optimizing Image Classification
                   Architectures for Raw Sensor Data},
  volume =        {abs/1701.06487},
  year =          {2017},
}

@article{Yosinski2015UnderstandingNN,
  author =        {Jason Yosinski and Jeff Clune and Anh Mai Nguyen and
                   Thomas J. Fuchs and Hod Lipson},
  journal =       {CoRR},
  title =         {Understanding Neural Networks Through Deep
                   Visualization},
  volume =        {abs/1506.06579},
  year =          {2015},
}

@article{Chattopadhyay2017GradCAMGG,
  author =        {Aditya Chattopadhyay and Anirban Sarkar and
                   Prantik Howlader and Vineeth N. Balasubramanian},
  journal =       {CoRR},
  title =         {Grad-CAM++ Generalized Gradient-based Visual
                   Explanations for Deep Convolutional Networks},
  volume =        {abs/1710.11063},
  year =          {2017},
}

@article{CAMZhou2016LearningDF,
  author =        {Bolei Zhou and Aditya Khosla and {\`A}gata Lapedriza and
                   Aude Oliva and Antonio Torralba},
  journal =       {2016 IEEE Conference on Computer Vision and Pattern
                   Recognition (CVPR)},
  pages =         {2921-2929},
  title =         {Learning Deep Features for Discriminative
                   Localization},
  year =          {2016},
}

@article{WeaklyOquab2015IsOL,
  author =        {Maxime Oquab and L{\'e}on Bottou and Ivan Laptev and
                   Josef Sivic},
  journal =       {2015 IEEE Conference on Computer Vision and Pattern
                   Recognition (CVPR)},
  pages =         {685-694},
  title =         {Is object localization for free? - Weakly-supervised
                   learning with convolutional neural networks},
  year =          {2015},
}

@article{SALICONHuang2015,
  author =        {Xun Huang and Chengyao Shen and Xavier Boix and
                   Qi Zhao},
  journal =       {2015 IEEE International Conference on Computer Vision
                   (ICCV)},
  pages =         {262-270},
  title =         {SALICON Reducing the Semantic Gap in Saliency
                   Prediction by Adapting Deep Neural Networks},
  year =          {2015},
}

@article{DeepGazeKmmerer2014DeepGI,
  author =        {Matthias K{\'u}mmerer and Lucas Theis and
                   Matthias Bethge},
  journal =       {CoRR},
  title =         {Deep Gaze I Boosting Saliency Prediction with
                   Feature Maps Trained on ImageNet},
  volume =        {abs/1411.1045},
  year =          {2014},
}

@article{BayesShrinkChang2000,
  author =        {S. Grace Chang and Bin Yu and Martin Vetterli},
  journal =       {IEEE transactions on image processing  a publication
                   of the IEEE Signal Processing Society},
  pages =         {1532-46},
  title =         {Adaptive wavelet thresholding for image denoising and
                   compression},
  volume =        {9 9},
  year =          {2000},
}

@inproceedings{Simoncelli1999BayesianDO,
  author =        {Eero P. Simoncelli},
  title =         {Bayesian Denoising of Visual Images in the Wavelet
                   Domain},
  year =          {1999},
}

@article{field1987relations,
  author =        {Field, David J},
  journal =       {Josa a},
  number =        {12},
  pages =         {2379--2394},
  publisher =     {Optical Society of America},
  title =         {Relations between the statistics of natural images
                   and the response properties of cortical cells},
  volume =        {4},
  year =          {1987},
}

@article{Marcelja1980MathematicalDO,
  author =        {Stjepan Marc̆elja},
  journal =       {Journal of the Optical Society of America},
  pages =         {1297-300},
  title =         {Mathematical description of the responses of simple
                   cortical cells.},
  volume =        {70 11},
  year =          {1980},
}

@article{Rust2005SpatiotemporalEO,
  author =        {Nicole C. Rust and Odelia Schwartz and
                   J. Anthony Movshon and Eero P. Simoncelli},
  journal =       {Neuron},
  pages =         {945-956},
  title =         {Spatiotemporal Elements of Macaque V1 Receptive
                   Fields},
  volume =        {46},
  year =          {2005},
}

@article{Hubel1959ReceptiveFO,
  author =        {David H. Hubel and Torsten N. Wiesel},
  journal =       {The Journal of physiology},
  pages =         {574-91},
  title =         {Receptive fields of single neurones in the cat's
                   striate cortex.},
  volume =        {148},
  year =          {1959},
}

@article{DWTantonini1992image,
  author =        {Antonini, Marc and Barlaud, Michel and
                   Mathieu, Pierre and Daubechies, Ingrid},
  journal =       {IEEE Transactions on image processing},
  number =        {2},
  pages =         {205--220},
  publisher =     {IEEE},
  title =         {Image coding using wavelet transform},
  volume =        {1},
  year =          {1992},
}

@inproceedings{JPEG2000Adams2001,
  author =        {Michael D. Adams},
  title =         {The JPEG - 2000 Still Image Compression Standard �
                   ( Last Revised  June 30 , 2001 )},
  year =          {2001},
}

@inproceedings{WaveletDenoisingRangarajan2002,
  author =        {Raghuram Rangarajan and Ramji Venkataramanan and
                   Siddharth Shah},
  title =         {Image Denoising Using Wavelets},
  year =          {2002},
}

@article{DropoutFeinman2017,
  author =        {Reuben Feinman and Ryan R. Curtin and Saurabh Shintre and
                   Andrew B. Gardner},
  journal =       {CoRR},
  title =         {Detecting Adversarial Samples from Artifacts},
  volume =        {abs/1703.00410},
  year =          {2017},
}

@article{ForesightLin2017DetectingAA,
  author =        {Yen-Chen Lin and Ming-Yu Liu and Min Sun and
                   Jia-Bin Huang},
  journal =       {CoRR},
  title =         {Detecting Adversarial Attacks on Neural Network
                   Policies with Visual Foresight},
  volume =        {abs/1710.00814},
  year =          {2017},
}

@inproceedings{EasilyDetectedCarlini2017,
  author =        {Nicholas Carlini and David A. Wagner},
  booktitle =     {AISec@CCS},
  title =         {Adversarial Examples Are Not Easily Detected
                   Bypassing Ten Detection Methods},
  year =          {2017},
}

@book{ThresholdingJansen2012noise,
  author =        {Jansen, Maarten},
  publisher =     {Springer Science \& Business Media},
  title =         {Noise reduction by wavelet thresholding},
  volume =        {161},
  year =          {2012},
}

@article{Deng2009ImageNetAL,
  author =        {Jia Deng and Wei Dong and Richard Socher and
                   Li-Jia Li and Kai Li and Fei-fei Li},
  journal =       {2009 IEEE Conference on Computer Vision and Pattern
                   Recognition},
  pages =         {248-255},
  title =         {ImageNet A large-scale hierarchical image database},
  year =          {2009},
}

@article{papernot2017cleverhans,
  author =        {Nicolas Papernot, Nicholas Carlini, et. al},
  journal =       {arXiv preprint arXiv1610.00768},
  title =         {cleverhans v2.0.0 an adversarial machine learning
                   library},
  year =          {2017},
}

@article{FeatureSqueezingXu2017,
  author =        {Weilin Xu and David Evans and Yanjun Qi},
  journal =       {CoRR},
  title =         {Feature Squeezing Detecting Adversarial Examples in
                   Deep Neural Networks},
  volume =        {abs/1704.01155},
  year =          {2017},
}

@inproceedings{VISUDonoho1994IdealSA,
  author =        {David L. Donoho and Iain Johnstone},
  title =         {Ideal Spatial Adaptation by Wavelet Shrinkage},
  year =          {1994},
}

@inproceedings{SUREDonoho1992AdaptingTU,
  author =        {David L. Donoho and Iain Johnstone},
  title =         {Adapting to Unknown Smoothness via Wavelet Shrinkage},
  year =          {1992},
}

@article{Lin2018FocalLF,
  author =        {Tsung-Yi Lin and Priya Goyal and Ross B. Girshick and
                   Kaiming He and Piotr Doll{\'a}r},
  journal =       {IEEE transactions on pattern analysis and machine
                   intelligence},
  title =         {Focal Loss for Dense Object Detection},
  year =          {2018},
}

@article{He2017MaskR,
  author =        {Kaiming He and Georgia Gkioxari and Piotr Doll{\'a}r and
                   Ross B. Girshick},
  journal =       {2017 IEEE International Conference on Computer Vision
                   (ICCV)},
  pages =         {2980-2988},
  title =         {Mask R-CNN},
  year =          {2017},
}

@inproceedings{Ronneberger2015UNetCN,
  author =        {Olaf Ronneberger and Philipp Fischer and Thomas Brox},
  booktitle =     {MICCAI},
  title =         {U-Net Convolutional Networks for Biomedical Image
                   Segmentation},
  year =          {2015},
}

@article{Cogswell2015ReducingOI,
  author =        {Michael Cogswell and Faruk Ahmed and Ross B. Girshick and
                   C. Lawrence Zitnick and Dhruv Batra},
  journal =       {ICLR},
  title =         {Reducing Overfitting in Deep Networks by
                   Decorrelating Representations},
  volume =        {abs/1511.06068},
  year =          {2016},
}

@article{Li2016PruningFF,
  author =        {Hao Li and Asim Kadav and Igor Durdanovic and
                   Hanan Samet and Hans Peter Graf},
  journal =       {ICLR},
  title =         {Pruning Filters for Efficient ConvNets},
  volume =        {abs/1608.08710},
  year =          {2017},
}

@article{He2017ChannelPF,
  author =        {Yihui He and Xiangyu Zhang and Jian Sun},
  journal =       {2017 IEEE International Conference on Computer Vision
                   (ICCV)},
  pages =         {1398-1406},
  title =         {Channel Pruning for Accelerating Very Deep Neural
                   Networks},
  year =          {2017},
}

@article{Anwar2017StructuredPO,
  author =        {Sajid Anwar and Kyuyeon Hwang and Wonyong Sung},
  journal =       {JETC},
  pages =         {321-3218},
  title =         {Structured Pruning of Deep Convolutional Neural
                   Networks},
  volume =        {13},
  year =          {2017},
}

@article{Molchanov2016PruningCN,
  author =        {Pavlo Molchanov and Stephen Tyree and Tero Karras and
                   Timo Aila and Jan Kautz},
  journal =       {ICLR},
  title =         {Pruning Convolutional Neural Networks for Resource
                   Efficient Transfer Learning},
  volume =        {abs/1611.06440},
  year =          {2017},
}

@article{Liu2017LearningEC,
  author =        {Zhuang Liu and Jianguo Li and Zhiqiang Shen and
                   Gao Huang and Shoumeng Yan and Changshui Zhang},
  journal =       {2017 IEEE International Conference on Computer Vision
                   (ICCV)},
  pages =         {2755-2763},
  title =         {Learning Efficient Convolutional Networks through
                   Network Slimming},
  year =          {2017},
}

@article{Luo2017ThiNetAF,
  author =        {Jian-Hao Luo and Jianxin Wu and Weiyao Lin},
  journal =       {2017 IEEE International Conference on Computer Vision
                   (ICCV)},
  pages =         {5068-5076},
  title =         {ThiNet A Filter Level Pruning Method for Deep Neural
                   Network Compression},
  year =          {2017},
}

@article{Han2015DeepCC,
  author =        {Song Han and Huizi Mao and William J. Dally},
  journal =       {ICLR},
  title =         {Deep Compression Compressing Deep Neural Network
                   with Pruning, Trained Quantization and Huffman
                   Coding},
  volume =        {abs/1510.00149},
  year =          {2016},
}

@article{Zhu2017ToPO,
  author =        {Michael Zhu and Suyog Gupta},
  journal =       {NIPS Workshop on Machine Learning of Phones and other
                   Consumer Devices},
  title =         {To prune, or not to prune exploring the efficacy of
                   pruning for model compression},
  volume =        {abs/1710.01878},
  year =          {2017},
}

@article{Frankle2018TheLT,
  author =        {Jonathan Frankle and Michael Carbin},
  journal =       {CoRR},
  title =         {The Lottery Ticket Hypothesis Training Pruned Neural
                   Networks},
  volume =        {abs/1803.03635},
  year =          {2018},
}

@article{Wu2015TowardsDT,
  author =        {Haibing Wu and Xiaodong Gu},
  journal =       {Neural networks  the official journal of the
                   International Neural Network Society},
  pages =         {1-10},
  title =         {Towards Dropout Training for Convolutional Neural
                   Networks},
  volume =        {71},
  year =          {2015},
}

@inproceedings{Wan2013RegularizationON,
  author =        {Li Wan and Matthew D. Zeiler and Sixin Zhang and
                   Yann LeCun and Rob Fergus},
  booktitle =     {ICML},
  title =         {Regularization of Neural Networks using DropConnect},
  year =          {2013},
}

@inproceedings{Huang2016DeepNW,
  author =        {Gao Huang and Yu Sun and Zhuang Liu and Daniel Sedra and
                   Kilian Q. Weinberger},
  booktitle =     {ECCV},
  title =         {Deep Networks with Stochastic Depth},
  year =          {2016},
}

@inproceedings{Han2016DSDDT,
  author =        {Song Han and Jeff Pool and Sharan Narang and
                   Huizi Mao and Enhao Gong and Shijian Tang and
                   Erich Elsen and Peter Vajda and Manohar Paluri and
                   John Tran and Bryan Catanzaro and William J. Dally},
  title =         {DSD Dense-Sparse-Dense Training for Deep Neural
                   Networks},
  year =          {2016},
}

@inproceedings{Raghu2017OnTE,
  author =        {Maithra Raghu and Ben Poole and Jon M. Kleinberg and
                   Surya Ganguli and Jascha Sohl-Dickstein},
  booktitle =     {ICML},
  title =         {On the expressive power of deep neural networks},
  year =          {2017},
}

@article{Hinton2015DistillingTK,
  author =        {Geoffrey E. Hinton and Oriol Vinyals and
                   Jeffrey Dean},
  journal =       {CoRR},
  title =         {Distilling the Knowledge in a Neural Network},
  volume =        {abs/1503.02531},
  year =          {2015},
}

@article{Romero2014FitNetsHF,
  author =        {Adriana Romero and Nicolas Ballas and
                   Samira Ebrahimi Kahou and Antoine Chassang and
                   Carlo Gatta and Yoshua Bengio},
  journal =       {ICLR},
  title =         {FitNets Hints for Thin Deep Nets},
  year =          {2015},
}

@inproceedings{Furlanello2018BornAN,
  author =        {Tommaso Furlanello and Zachary Chase Lipton and
                   Michael Tschannen and Laurent Itti and
                   Anima Anandkumar},
  booktitle =     {ICML},
  title =         {Born Again Neural Networks},
  year =          {2018},
}

@inproceedings{LeCun1989OptimalBD,
  author =        {Yann LeCun and John S. Denker and Sara A. Solla},
  booktitle =     {NIPS},
  title =         {Optimal Brain Damage},
  year =          {1989},
}

@inproceedings{Hassibi1992SecondOD,
  author =        {Babak Hassibi and David G. Stork},
  booktitle =     {NIPS},
  title =         {Second Order Derivatives for Network Pruning Optimal
                   Brain Surgeon},
  year =          {1992},
}

@article{Hu2016NetworkTA,
  author =        {Hengyuan Hu and Rui Peng and Yu-Wing Tai and
                   Chi-Keung Tang},
  journal =       {CoRR},
  title =         {Network Trimming A Data-Driven Neuron Pruning
                   Approach towards Efficient Deep Architectures},
  volume =        {abs/1607.03250},
  year =          {2016},
}

@inproceedings{Chen2017TrainingGO,
  author =        {Yunpeng Chen and Xiaojie Jin and Jiashi Feng and
                   Shuicheng Yan},
  booktitle =     {IJCAI},
  title =         {Training Group Orthogonal Neural Networks with
                   Privileged Information},
  year =          {2017},
}

@article{Liu2017ProgressiveNA,
  author =        {Chenxi Liu and Barret Zoph and Jonathon Shlens and
                   Wei Hua and Li-Jia Li and Li Fei-Fei and
                   Alan L. Yuille and Jonathan Huang and Kevin Murphy},
  journal =       {CoRR},
  title =         {Progressive Neural Architecture Search},
  volume =        {abs/1712.00559},
  year =          {2017},
}

@article{Real2018RegularizedEF,
  author =        {Esteban Real and Alok Aggarwal and Yanping Huang and
                   Quoc V. Le},
  journal =       {CoRR},
  title =         {Regularized Evolution for Image Classifier
                   Architecture Search},
  volume =        {abs/1802.01548},
  year =          {2018},
}

@article{Zoph2016NeuralAS,
  author =        {Barret Zoph and Quoc V. Le},
  journal =       {CoRR},
  title =         {Neural Architecture Search with Reinforcement
                   Learning},
  volume =        {abs/1611.01578},
  year =          {2016},
}

@inproceedings{Glorot2010UnderstandingTD,
  author =        {Xavier Glorot and Yoshua Bengio},
  booktitle =     {AISTATS},
  title =         {Understanding the difficulty of training deep
                   feedforward neural networks},
  year =          {2010},
}

@article{Szegedy2015GoingDW,
  author =        {Christian Szegedy and Wei Liu and Yangqing Jia and
                   Pierre Sermanet and Scott E. Reed and
                   Dragomir Anguelov and Dumitru Erhan and
                   Vincent Vanhoucke and Andrew Rabinovich},
  journal =       {2015 IEEE Conference on Computer Vision and Pattern
                   Recognition (CVPR)},
  pages =         {1-9},
  title =         {Going deeper with convolutions},
  year =          {2015},
}

@inproceedings{Raghu2017SVCCASV,
  author =        {Maithra Raghu and Justin Gilmer and Jason Yosinski and
                   Jascha Sohl-Dickstein},
  booktitle =     {NIPS},
  title =         {SVCCA Singular Vector Canonical Correlation Analysis
                   for Deep Learning Dynamics and Interpretability},
  year =          {2017},
}

@article{Huang2017DenselyCC,
  author =        {Gao Huang and Zhuang Liu and Laurens van der Maaten and
                   Kilian Q. Weinberger},
  journal =       {CVPR},
  pages =         {2261-2269},
  title =         {Densely Connected Convolutional Networks},
  year =          {2017},
}

@article{Morcos2017OnTI,
  author =        {Ari S. Morcos and David G. T. Barrett and
                   Neil C. Rabinowitz and Matthew Botvinick},
  journal =       {CoRR},
  title =         {On the importance of single directions for
                   generalization},
  volume =        {abs/1803.06959},
  year =          {2017},
}

@inproceedings{Arora2014ProvableBF,
  author =        {Sanjeev Arora and Aditya Bhaskara and Rong Ge and
                   Tengyu Ma},
  booktitle =     {ICML},
  title =         {Provable Bounds for Learning Some Deep
                   Representations},
  year =          {2014},
}

@article{Rodrguez2016RegularizingCW,
  author =        {Pau Rodr{\'i}guez and Jordi Gonz{\`a}lez and
                   Guillem Cucurull and Josep M. Gonfaus and
                   F. Xavier Roca},
  journal =       {ICLR},
  title =         {Regularizing CNNs with Locally Constrained
                   Decorrelations},
  volume =        {abs/1611.01967},
  year =          {2017},
}

@article{Brock2016NeuralPE,
  author =        {Andrew Brock and Theodore Lim and James M. Ritchie and
                   Nick Weston},
  journal =       {ICLR},
  title =         {Neural Photo Editing with Introspective Adversarial
                   Networks},
  volume =        {abs/1609.07093},
  year =          {2017},
}

@article{Poole2014AnalyzingNI,
  author =        {Ben Poole and Jascha Sohl-Dickstein and
                   Surya Ganguli},
  journal =       {NIPS Workshop on Deep Learning},
  title =         {Analyzing noise in autoencoders and deep networks},
  volume =        {abs/1406.1831},
  year =          {2013},
}

@inproceedings{Xie2017NearOrthogonalityRI,
  author =        {Pengtao Xie and Barnab{\'a}s P{\'o}czos and
                   Eric P. Xing},
  booktitle =     {UAI},
  title =         {Near-Orthogonality Regularization in Kernel Methods},
  year =          {2017},
}

@article{Xie2017AllYN,
  author =        {Di Xie and Jiang Xiong and Shiliang Pu},
  journal =       {2017 IEEE Conference on Computer Vision and Pattern
                   Recognition (CVPR)},
  pages =         {5075-5084},
  title =         {All You Need is Beyond a Good Init Exploring Better
                   Solution for Training Extremely Deep Convolutional
                   Neural Networks with Orthonormality and Modulation},
  year =          {2017},
}

@inproceedings{Shang2016UnderstandingAI,
  author =        {Wenling Shang and Kihyuk Sohn and Diogo Almeida and
                   Honglak Lee},
  booktitle =     {ICML},
  title =         {Understanding and Improving Convolutional Neural
                   Networks via Concatenated Rectified Linear Units},
  year =          {2016},
}

@article{Saxe2013ExactST,
  author =        {Andrew M. Saxe and James L. McClelland and
                   Surya Ganguli},
  journal =       {ICLR},
  title =         {Exact solutions to the nonlinear dynamics of learning
                   in deep linear neural networks},
  volume =        {abs/1312.6120},
  year =          {2014},
}

@inproceedings{Xiao2018DynamicalIA,
  author =        {Lechao Xiao and Yasaman Bahri and
                   Jascha Sohl-Dickstein and Samuel S. Schoenholz and
                   Jeffrey Pennington},
  booktitle =     {ICML},
  title =         {Dynamical Isometry and a Mean Field Theory of CNNs
                   How to Train 10,000-Layer Vanilla Convolutional
                   Neural Networks},
  year =          {2018},
}

@inproceedings{Vorontsov2017OnOA,
  author =        {Eugene Vorontsov and Chiheb Trabelsi and
                   Samuel Kadoury and Christopher Joseph Pal},
  booktitle =     {ICML},
  title =         {On orthogonality and learning recurrent networks with
                   long term dependencies},
  year =          {2017},
}

@article{hotelling1936relations,
  author =        {Hotelling, Harold},
  journal =       {Biometrika},
  number =        {3/4},
  pages =         {321--377},
  publisher =     {JSTOR},
  title =         {Relations between two sets of variates},
  volume =        {28},
  year =          {1936},
}

@inproceedings{Li2015ConvergentLD,
  author =        {Yixuan Li and Jason Yosinski and Jeff Clune and
                   Hod Lipson and John E. Hopcroft},
  booktitle =     {ICLR},
  title =         {Convergent Learning Do different neural networks
                   learn the same representations?},
  year =          {2016},
}

@article{Hardoon2004CanonicalCA,
  author =        {David R. Hardoon and S{\'a}ndor Szedm{\'a}k and
                   John Shawe-Taylor},
  journal =       {Neural Computation},
  pages =         {2639-2664},
  title =         {Canonical Correlation Analysis An Overview with
                   Application to Learning Methods},
  volume =        {16},
  year =          {2004},
}

@article{Kingma2014AdamAM,
  author =        {Diederik P. Kingma and Jimmy Ba},
  journal =       {ICLR},
  title =         {Adam A Method for Stochastic Optimization},
  volume =        {abs/1412.6980},
  year =          {2015},
}

@misc{Tieleman2012,
  author =        {Tieleman, T. and Hinton, G.},
  howpublished =  {COURSERA Neural Networks for Machine Learning},
  title =         {{Lecture 6.5---RmsProp Divide the gradient by a
                   running average of its recent magnitude}},
  year =          {2012},
}

@inproceedings{Ioffe2015BatchNA,
  author =        {Sergey Ioffe and Christian Szegedy},
  booktitle =     {ICML},
  title =         {Batch Normalization Accelerating Deep Network
                   Training by Reducing Internal Covariate Shift},
  year =          {2015},
}

@article{Dai2017NeSTAN,
  author =        {Xiaoliang Dai and Hongxu Yin and Niraj K. Jha},
  journal =       {CoRR},
  title =         {NeST A Neural Network Synthesis Tool Based on a
                   Grow-and-Prune Paradigm},
  volume =        {abs/1711.02017},
  year =          {2017},
}

@inproceedings{Han2015LearningBW,
  author =        {Song Han and Jeff Pool and John Tran and
                   William J. Dally},
  booktitle =     {NIPS},
  title =         {Learning both Weights and Connections for Efficient
                   Neural Networks},
  year =          {2015},
}

@article{Smith2017CyclicalLR,
  author =        {Leslie N. Smith},
  journal =       {2017 IEEE Winter Conference on Applications of
                   Computer Vision (WACV)},
  pages =         {464-472},
  title =         {Cyclical Learning Rates for Training Neural Networks},
  year =          {2017},
}

@article{Simonyan2014VeryDC,
  author =        {Karen Simonyan and Andrew Zisserman},
  journal =       {CoRR},
  title =         {Very Deep Convolutional Networks for Large-Scale
                   Image Recognition},
  volume =        {abs/1409.1556},
  year =          {2014},
}

@article{Szegedy2016RethinkingTI,
  author =        {Christian Szegedy and Vincent Vanhoucke and
                   Sergey Ioffe and Jonathon Shlens and Zbigniew Wojna},
  journal =       {2016 IEEE Conference on Computer Vision and Pattern
                   Recognition (CVPR)},
  pages =         {2818-2826},
  title =         {Rethinking the Inception Architecture for Computer
                   Vision},
  year =          {2016},
}

@article{Russakovsky2015ImageNetLS,
  author =        {Olga Russakovsky and Jia Deng and Hao Su and
                   Jonathan Krause and Sanjeev Satheesh and Sean Ma and
                   Zhiheng Huang and Andrej Karpathy and Aditya Khosla and
                   Michael S. Bernstein and Alexander C. Berg and
                   Li Fei-Fei},
  journal =       {International Journal of Computer Vision},
  pages =         {211-252},
  title =         {ImageNet Large Scale Visual Recognition Challenge},
  volume =        {115},
  year =          {2015},
}

@article{Antol2015VQAVQ,
  author =        {Stanislaw Antol and Aishwarya Agrawal and Jiasen Lu and
                   Margaret Mitchell and Dhruv Batra and
                   C. Lawrence Zitnick and Devi Parikh},
  journal =       {2015 IEEE International Conference on Computer Vision
                   (ICCV)},
  pages =         {2425-2433},
  title =         {VQA Visual Question Answering},
  year =          {2015},
}

@misc{wu2016tensorpack,
  author =        {Wu, Yuxin and others},
  howpublished =  {\url{https//github.com/tensorpack/}},
  title =         {Tensorpack},
  year =          {2016},
}


@inproceedings{ba2014deep,
  title={Do deep nets really need to be deep?},
  author={Ba, Jimmy and Caruana, Rich},
  booktitle={Advances in neural information processing systems},
  pages={2654--2662},
  year={2014}
}

@inproceedings{antol2015vqa,
  title={VQA: Visual question answering},
  author={Antol, Stanislaw and Agrawal, Aishwarya and Lu, Jiasen and Mitchell, Margaret and Batra, Dhruv and Lawrence Zitnick, C and Parikh, Devi},
  booktitle={Proceedings of the IEEE International Conference on Computer Vision},
  pages={2425--2433},
  year={2015}
}
@article{srivastava2015highway,
  title={Highway networks},
  author={Srivastava, Rupesh Kumar and Greff, Klaus and Schmidhuber, J{\"u}rgen},
  journal={arXiv preprint arXiv:1505.00387},
  year={2015}
}
@article{he2015deep,
  title={Deep Residual Learning for Image Recognition},
  author={He, Kaiming and Zhang, Xiangyu and Ren, Shaoqing and Sun, Jian},
  journal={arXiv preprint arXiv:1512.03385},
  year={2015}
}

@article{liao2016bridging,
  title={Bridging the Gaps Between Residual Learning, Recurrent Neural Networks and Visual Cortex},
  author={Liao, Qianli and Poggio, Tomaso},
  journal={arXiv preprint arXiv:1604.03640},
  year={2016}
}

@inproceedings{pennington2014glove,
  title={Glove: Global Vectors for Word Representation.},
  author={Pennington, Jeffrey and Socher, Richard and Manning, Christopher D},
  booktitle={EMNLP},
  volume={14},
  pages={1532--1543},
  year={2014}
}

@article{xu2015ask,
  title={Ask, Attend and Answer: Exploring Question-Guided Spatial Attention for Visual Question Answering},
  author={Xu, Huijuan and Saenko, Kate},
  journal={arXiv preprint arXiv:1511.05234},
  year={2015}
}

@article{xiong2016dynamic,
  title={Dynamic Memory Networks for Visual and Textual Question Answering},
  author={Xiong, Caiming and Merity, Stephen and Socher, Richard},
  journal={arXiv preprint arXiv:1603.01417},
  year={2016}
}

@article{wu2015ask,
  title={Ask Me Anything: Free-form Visual Question Answering Based on Knowledge from External Sources},
  author={Wu, Qi and Wang, Peng and Shen, Chunhua and Hengel, Anton van den and Dick, Anthony},
  journal={arXiv preprint arXiv:1511.06973},
  year={2015}
}

@article{yang2015stacked,
  title={Stacked Attention Networks for Image Question Answering},
  author={Yang, Zichao and He, Xiaodong and Gao, Jianfeng and Deng, Li and Smola, Alex},
  journal={arXiv preprint arXiv:1511.02274},
  year={2015}
}

@article{zhou2015simple,
  title={Simple Baseline for Visual Question Answering},
  author={Zhou, Bolei and Tian, Yuandong and Sukhbaatar, Sainbayar and Szlam, Arthur and Fergus, Rob},
  journal={arXiv preprint arXiv:1512.02167},
  year={2015}
}

@article{wu2016image,
  title={Image Captioning and Visual Question Answering Based on Attributes and Their Related External Knowledge},
  author={Wu, Qi and Shen, Chunhua and Hengel, Anton van den and Wang, Peng and Dick, Anthony},
  journal={arXiv preprint arXiv:1603.02814},
  year={2016}
}

@article{shih2015look,
  title={Where To Look: Focus Regions for Visual Question Answering},
  author={Shih, Kevin J and Singh, Saurabh and Hoiem, Derek},
  journal={arXiv preprint arXiv:1511.07394},
  year={2015}
}

@inproceedings{ren2015exploring,
  title={Exploring models and data for image question answering},
  author={Ren, Mengye and Kiros, Ryan and Zemel, Richard},
  booktitle={Advances in Neural Information Processing Systems},
  pages={2935--2943},
  year={2015}
}

@article{andreas2016learning,
  title={Learning to Compose Neural Networks for Question Answering},
  author={Andreas, Jacob and Rohrbach, Marcus and Darrell, Trevor and Klein, Dan},
  journal={arXiv preprint arXiv:1601.01705},
  year={2016}
}

@article{zhu2015visual7w,
  title={Visual7W: Grounded Question Answering in Images},
  author={Zhu, Yuke and Groth, Oliver and Bernstein, Michael and Fei-Fei, Li},
  journal={arXiv preprint arXiv:1511.03416},
  year={2015}
}

@article{noh2015image,
  title={Image Question Answering using Convolutional Neural Network with Dynamic Parameter Prediction},
  author={Noh, Hyeonwoo and Seo, Paul Hongsuck and Han, Bohyung},
  journal={arXiv preprint arXiv:1511.05756},
  year={2015}
}

@article{jiang2015compositional,
  title={Compositional Memory for Visual Question Answering},
  author={Jiang, Aiwen and Wang, Fang and Porikli, Fatih and Li, Yi},
  journal={arXiv preprint arXiv:1511.05676},
  year={2015}
}

@misc{Lu2015,
author = {Jiasen Lu, Xiao Lin, Dhruv Batra and Devi Parikh},
title = {Deeper LSTM and normalized CNN Visual Question Answering model},
year = {2015},
publisher = {GitHub},
journal = {GitHub repository},
howpublished = {\url{https://github.com/VT-vision-lab/VQA_LSTM_CNN}},
commit = {6c91cb9}
}

@inproceedings{karpathy2015deep,
  title={Deep visual-semantic alignments for generating image descriptions},
  author={Karpathy, Andrej and Fei-Fei, Li},
  booktitle={Proceedings of the IEEE Conference on Computer Vision and Pattern Recognition},
  pages={3128--3137},
  year={2015}
}

@article{xu2015show,
  title={Show, attend and tell: Neural image caption generation with visual attention},
  author={Xu, Kelvin and Ba, Jimmy and Kiros, Ryan and Courville, Aaron and Salakhutdinov, Ruslan and Zemel, Richard and Bengio, Yoshua},
  journal={arXiv preprint arXiv:1502.03044},
  year={2015}
}


